PokerStars Hand #4803358924: Hold'em No Limit ($0.02/$0.05) - 2025/07/11 16:36:08
Table '#35071501' 6-max Seat #1 is the button
Seat 1: PLR_1428333YT ($9.42 in chips)
Seat 2: PLR_4622833QC ($15.27 in chips)
Seat 3: Hero ($5 in chips)
Seat 6: PLR_4095974MY ($5.14 in chips)
PLR_4622833QC: posts small blind $0.02
Hero: posts big blind $0.05
*** HOLE CARDS ***
Dealt to Hero [2s 7d]
PLR_4095974MY: folds
PLR_1428333YT: calls $0.05 
PLR_4622833QC: calls $0.03 
Hero: checks
*** FLOP *** [3c 2h Js]
PLR_4622833QC: checks
Table deposit $1.50 
Table deposit $5 
Hero: bets $0.11 
PLR_1428333YT: calls $0.11 
PLR_4622833QC: folds
*** TURN *** [3c 2h Js] [2c]
Hero: bets $0.18 
PLR_1428333YT: calls $0.18 
*** RIVER *** [3c 2h Js 2c] [Ad]
Hero: bets $0.70 
PLR_1428333YT: calls $0.70 
*** SHOW DOWN ***
Hero: shows [2s 7d] (three of a kind, Deuces)
PLR_1428333YT: shows [Ac 5d] (Two pair)
Hero collected $2.03 from pot
PLR_1428333YT: shows [Ac 5d]
PLR_4622833QC: shows [9c Kd]
PLR_4095974MY: shows [4h 5c]
*** SUMMARY ***
Total pot $2.13 | Rake $0.10
Board [3c 2h Js 2c Ad]
Seat 1: PLR_1428333YT (button) showed [Ac 5d]
Seat 2: PLR_4622833QC (small blind) showed [9c Kd]
Seat 3: Hero (big blind) showed [2s 7d] and won ($2.03) with three of a kind, Deuces
Seat 6: PLR_4095974MY showed [4h 5c]



PokerStars Hand #4803359254: Hold'em No Limit ($0.02/$0.05) - 2025/07/11 16:37:20
Table '#35071501' 6-max Seat #2 is the button
Seat 1: PLR_1428333YT ($8.38 in chips)
Seat 2: PLR_4622833QC ($15.22 in chips)
Seat 3: Hero ($5.99 in chips)
Seat 4: PLR_8854653KT ($1.50 in chips)
Seat 6: PLR_4095974MY ($5.14 in chips)
Hero: posts small blind $0.02
PLR_8854653KT: posts big blind $0.05
*** HOLE CARDS ***
Dealt to Hero [8s 6c]
PLR_4095974MY: folds
PLR_1428333YT: folds
PLR_4622833QC: folds
Hero: folds
PLR_8854653KT: shows [5c Qd]
Uncalled bet ($0.03) returned to PLR_8854653KT
PLR_8854653KT collected $0.04 from pot
PLR_1428333YT: shows [Ts 2d]
PLR_4622833QC: shows [2c 5s]
Hero: shows [8s 6c]
PLR_4095974MY: shows [6h 3s]
*** SUMMARY ***
Total pot $0.04 | Rake $0.00
Seat 1: PLR_1428333YT showed [Ts 2d]
Seat 2: PLR_4622833QC (button) showed [2c 5s]
Seat 3: Hero (small blind) showed [8s 6c]
Seat 4: PLR_8854653KT (big blind) showed [5c Qd] and won ($0.04)
Seat 6: PLR_4095974MY showed [6h 3s]



PokerStars Hand #4803359326: Hold'em No Limit ($0.02/$0.05) - 2025/07/11 16:37:35
Table '#35071501' 6-max Seat #3 is the button
Seat 1: PLR_1428333YT ($8.38 in chips)
Seat 2: PLR_4622833QC ($15.22 in chips)
Seat 3: Hero ($5.97 in chips)
Seat 4: PLR_8854653KT ($1.52 in chips)
Seat 5: PLR_5780215GR ($5 in chips)
Seat 6: PLR_4095974MY ($5.14 in chips)
PLR_8854653KT: posts small blind $0.02
PLR_5780215GR: posts big blind $0.05
*** HOLE CARDS ***
Dealt to Hero [3d 5s]
PLR_4095974MY: raises $0.15 to $0.15
PLR_1428333YT: calls $0.15 
PLR_4622833QC: calls $0.15 
Hero: folds
PLR_8854653KT: calls $0.13 
PLR_5780215GR: folds
*** FLOP *** [As 3c Qc]
PLR_8854653KT: checks
PLR_4095974MY: checks
PLR_1428333YT: checks
PLR_4622833QC: checks
*** TURN *** [As 3c Qc] [8d]
PLR_8854653KT: checks
PLR_4095974MY: bets $0.47 
PLR_1428333YT: folds
PLR_4622833QC: folds
PLR_8854653KT: calls $0.47 
*** RIVER *** [As 3c Qc 8d] [2h]
PLR_8854653KT: checks
PLR_4095974MY: bets $1.52 
PLR_8854653KT: calls $0.90 and is all-in
*** SHOW DOWN ***
PLR_4095974MY: shows [Ah Qd] (two pair, Aces and Queens)
PLR_8854653KT: shows [Qs 9s] (One pair)
Uncalled bet ($0.62) returned to PLR_4095974MY
PLR_4095974MY collected $3.23 from pot
PLR_1428333YT: shows [Kd 2d]
PLR_4622833QC: shows [4d 7d]
Hero: shows [3d 5s]
PLR_8854653KT: shows [Qs 9s]
PLR_5780215GR: shows [9h Ts]
*** SUMMARY ***
Total pot $3.39 | Rake $0.16
Board [As 3c Qc 8d 2h]
Seat 1: PLR_1428333YT showed [Kd 2d]
Seat 2: PLR_4622833QC showed [4d 7d]
Seat 3: Hero (button) showed [3d 5s]
Seat 4: PLR_8854653KT (small blind) showed [Qs 9s]
Seat 5: PLR_5780215GR (big blind) showed [9h Ts]
Seat 6: PLR_4095974MY showed [Ah Qd] and won ($3.23) with two pair, Aces and Queens



PokerStars Hand #4803359612: Hold'em No Limit ($0.02/$0.05) - 2025/07/11 16:38:39
Table '#35071501' 6-max Seat #3 is the button
Seat 1: PLR_1428333YT ($8.23 in chips)
Seat 2: PLR_4622833QC ($15.07 in chips)
Seat 3: Hero ($5.97 in chips)
Seat 5: PLR_5780215GR ($4.95 in chips)
Seat 6: PLR_4095974MY ($6.85 in chips)
PLR_5780215GR: posts small blind $0.02
PLR_4095974MY: posts big blind $0.05
*** HOLE CARDS ***
Dealt to Hero [7d Tc]
Table deposit $5 
PLR_1428333YT: folds
PLR_4622833QC: raises $0.15 to $0.15
Hero: folds
PLR_5780215GR: folds
PLR_4095974MY: calls $0.10 
*** FLOP *** [Qh 6h 7s]
PLR_4095974MY: checks
PLR_4622833QC: checks
*** TURN *** [Qh 6h 7s] [3h]
PLR_4095974MY: bets $0.31 
PLR_4622833QC: folds
Uncalled bet ($0.31) returned to PLR_4095974MY
PLR_4095974MY: shows [5s Td]
PLR_4095974MY collected $0.31 from pot
PLR_1428333YT: shows [8d 3d]
PLR_4622833QC: shows [5c 5d]
Hero: shows [7d Tc]
PLR_5780215GR: shows [Qs 8s]
*** SUMMARY ***
Total pot $0.32 | Rake $0.01
Board [Qh 6h 7s 3h]
Seat 1: PLR_1428333YT showed [8d 3d]
Seat 2: PLR_4622833QC showed [5c 5d]
Seat 3: Hero (button) showed [7d Tc]
Seat 5: PLR_5780215GR (small blind) showed [Qs 8s]
Seat 6: PLR_4095974MY (big blind) showed [5s Td] and won ($0.31)



PokerStars Hand #4803359858: Hold'em No Limit ($0.02/$0.05) - 2025/07/11 16:39:33
Table '#35071501' 6-max Seat #5 is the button
Seat 1: PLR_1428333YT ($8.23 in chips)
Seat 2: PLR_4622833QC ($14.92 in chips)
Seat 3: Hero ($5.97 in chips)
Seat 5: PLR_5780215GR ($4.93 in chips)
Seat 6: PLR_4095974MY ($7.01 in chips)
PLR_4095974MY: posts small blind $0.02
PLR_1428333YT: posts big blind $0.05
*** HOLE CARDS ***
Dealt to Hero [Jc 4s]
PLR_4622833QC: folds
Hero: folds
PLR_5780215GR: folds
PLR_4095974MY: folds
PLR_1428333YT: shows [7s 8c]
Uncalled bet ($0.03) returned to PLR_1428333YT
PLR_1428333YT collected $0.04 from pot
PLR_4622833QC: shows [2s Qc]
Hero: shows [Jc 4s]
PLR_5780215GR: shows [6c 8d]
PLR_4095974MY: shows [9c 3h]
*** SUMMARY ***
Total pot $0.04 | Rake $0.00
Seat 1: PLR_1428333YT (big blind) showed [7s 8c] and won ($0.04)
Seat 2: PLR_4622833QC showed [2s Qc]
Seat 3: Hero showed [Jc 4s]
Seat 5: PLR_5780215GR (button) showed [6c 8d]
Seat 6: PLR_4095974MY (small blind) showed [9c 3h]



PokerStars Hand #4803359934: Hold'em No Limit ($0.02/$0.05) - 2025/07/11 16:39:53
Table '#35071501' 6-max Seat #6 is the button
Seat 1: PLR_1428333YT ($8.25 in chips)
Seat 2: PLR_4622833QC ($14.92 in chips)
Seat 3: Hero ($5.97 in chips)
Seat 5: PLR_5780215GR ($4.93 in chips)
Seat 6: PLR_4095974MY ($6.99 in chips)
PLR_1428333YT: posts small blind $0.02
PLR_4622833QC: posts big blind $0.05
*** HOLE CARDS ***
Dealt to Hero [6d 9s]
Hero: folds
PLR_5780215GR: raises $0.13 to $0.13
PLR_4095974MY: folds
PLR_1428333YT: folds
PLR_4622833QC: folds
Uncalled bet ($0.08) returned to PLR_5780215GR
PLR_5780215GR: shows [Ad 9d]
PLR_5780215GR collected $0.12 from pot
PLR_1428333YT: shows [Td 8c]
PLR_4622833QC: shows [7c 5d]
Hero: shows [6d 9s]
PLR_4095974MY: shows [6c 4c]
*** SUMMARY ***
Total pot $0.12 | Rake $0.00
Seat 1: PLR_1428333YT (small blind) showed [Td 8c]
Seat 2: PLR_4622833QC (big blind) showed [7c 5d]
Seat 3: Hero showed [6d 9s]
Seat 5: PLR_5780215GR showed [Ad 9d] and won ($0.12)
Seat 6: PLR_4095974MY (button) showed [6c 4c]



PokerStars Hand #4803360096: Hold'em No Limit ($0.02/$0.05) - 2025/07/11 16:40:29
Table '#35071501' 6-max Seat #1 is the button
Seat 1: PLR_1428333YT ($8.23 in chips)
Seat 2: PLR_4622833QC ($14.87 in chips)
Seat 3: Hero ($5.97 in chips)
Seat 5: PLR_5780215GR ($5 in chips)
Seat 6: PLR_4095974MY ($6.99 in chips)
PLR_4622833QC: posts small blind $0.02
Hero: posts big blind $0.05
*** HOLE CARDS ***
Dealt to Hero [Jh Jc]
PLR_5780215GR: raises $0.13 to $0.13
PLR_4095974MY: folds
PLR_1428333YT: calls $0.13 
PLR_4622833QC: calls $0.11 
Hero: folds 
*** FLOP *** [8d Qc 8s]
PLR_4622833QC: checks
PLR_5780215GR: checks
PLR_1428333YT: bets $0.21 
PLR_4622833QC: folds
PLR_5780215GR: calls $0.21 
*** TURN *** [8d Qc 8s] [7d]
PLR_5780215GR: checks
PLR_1428333YT: bets $0.41 
PLR_5780215GR: calls $0.41 
*** RIVER *** [8d Qc 8s 7d] [4h]
PLR_5780215GR: checks
PLR_1428333YT: bets $1.20 
PLR_5780215GR: folds
Uncalled bet ($1.20) returned to PLR_1428333YT
PLR_1428333YT: shows [Tc Qs]
PLR_1428333YT collected $1.6 from pot
PLR_4622833QC: shows [4d 4s]
Hero: shows [Jh Jc]
PLR_5780215GR: shows [9d Td]
PLR_4095974MY: shows [Kc 5s]
*** SUMMARY ***
Total pot $1.68 | Rake $0.08
Board [8d Qc 8s 7d 4h]
Seat 1: PLR_1428333YT (button) showed [Tc Qs] and won ($1.6)
Seat 2: PLR_4622833QC (small blind) showed [4d 4s]
Seat 3: Hero (big blind) showed [Jh Jc]
Seat 5: PLR_5780215GR showed [9d Td]
Seat 6: PLR_4095974MY showed [Kc 5s]



PokerStars Hand #4803360750: Hold'em No Limit ($0.02/$0.05) - 2025/07/11 16:42:59
Table '#35071501' 6-max Seat #2 is the button
Seat 1: PLR_1428333YT ($9.08 in chips)
Seat 2: PLR_4622833QC ($14.74 in chips)
Seat 3: Hero ($5.92 in chips)
Seat 4: PLR_1349111OR ($5 in chips)
Seat 5: PLR_5780215GR ($4.25 in chips)
Seat 6: PLR_4095974MY ($6.99 in chips)
Hero: posts small blind $0.02
PLR_1349111OR: posts big blind $0.05
*** HOLE CARDS ***
Dealt to Hero [As Tc]
PLR_5780215GR: folds
PLR_4095974MY: raises $0.15 to $0.15
PLR_1428333YT: folds
PLR_4622833QC: calls $0.15 
Hero: raises $0.42 to $0.44
PLR_1349111OR: folds
PLR_4095974MY: folds
PLR_4622833QC: calls $0.29 
*** FLOP *** [Kd Qh Qs]
Hero: bets $0.77 
PLR_4622833QC: folds
Uncalled bet ($0.77) returned to Hero
Hero: shows [As Tc]
Hero collected $1.03 from pot
PLR_1428333YT: shows [Td 3c]
PLR_4622833QC: shows [Ts Ac]
PLR_1349111OR: shows [2h 9d]
PLR_5780215GR: shows [Jh 7d]
PLR_4095974MY: shows [3s Ah]
*** SUMMARY ***
Total pot $1.08 | Rake $0.05
Board [Kd Qh Qs]
Seat 1: PLR_1428333YT showed [Td 3c]
Seat 2: PLR_4622833QC (button) showed [Ts Ac]
Seat 3: Hero (small blind) collected ($1.03)
Seat 4: PLR_1349111OR (big blind) showed [2h 9d]
Seat 5: PLR_5780215GR showed [Jh 7d]
Seat 6: PLR_4095974MY showed [3s Ah]



PokerStars Hand #4803360967: Hold'em No Limit ($0.02/$0.05) - 2025/07/11 16:43:47
Table '#35071501' 6-max Seat #3 is the button
Seat 2: PLR_4622833QC ($14.30 in chips)
Seat 3: Hero ($6.51 in chips)
Seat 4: PLR_1349111OR ($4.95 in chips)
Seat 5: PLR_5780215GR ($4.25 in chips)
Seat 6: PLR_4095974MY ($6.84 in chips)
PLR_1349111OR: posts small blind $0.02
PLR_5780215GR: posts big blind $0.05
*** HOLE CARDS ***
Dealt to Hero [Jh 2h]
PLR_4095974MY: raises $0.15 to $0.15
PLR_4622833QC: folds
Hero: folds
PLR_1349111OR: folds
PLR_5780215GR: folds
Uncalled bet ($0.10) returned to PLR_4095974MY
PLR_4095974MY: shows [As Qh]
PLR_4095974MY collected $0.12 from pot
PLR_4622833QC: shows [Jc 6d]
Hero: shows [Jh 2h]
PLR_1349111OR: shows [Js 5c]
PLR_5780215GR: shows [Ks 2c]
*** SUMMARY ***
Total pot $0.12 | Rake $0.00
Seat 2: PLR_4622833QC showed [Jc 6d]
Seat 3: Hero (button) showed [Jh 2h]
Seat 4: PLR_1349111OR (small blind) showed [Js 5c]
Seat 5: PLR_5780215GR (big blind) showed [Ks 2c]
Seat 6: PLR_4095974MY showed [As Qh] and won ($0.12)



PokerStars Hand #4803361087: Hold'em No Limit ($0.02/$0.05) - 2025/07/11 16:44:14
Table '#35071501' 6-max Seat #4 is the button
Seat 2: PLR_4622833QC ($14.30 in chips)
Seat 3: Hero ($6.51 in chips)
Seat 4: PLR_1349111OR ($4.93 in chips)
Seat 5: PLR_5780215GR ($4.20 in chips)
Seat 6: PLR_4095974MY ($6.91 in chips)
PLR_5780215GR: posts small blind $0.02
PLR_4095974MY: posts big blind $0.05
*** HOLE CARDS ***
Dealt to Hero [Qs Jd]
PLR_4622833QC: folds
Hero: raises $0.15 to $0.15
PLR_1349111OR: folds
PLR_5780215GR: folds
PLR_4095974MY: calls $0.10 
*** FLOP *** [2h As Jh]
PLR_4095974MY: checks
Hero: bets $0.16 
PLR_4095974MY: calls $0.16 
*** TURN *** [2h As Jh] [Qc]
PLR_4095974MY: checks
Hero: bets $0.31 
PLR_4095974MY: folds
Uncalled bet ($0.31) returned to Hero
Hero: shows [Qs Jd]
Hero collected $0.61 from pot
PLR_4622833QC: shows [6s 9c]
PLR_1349111OR: shows [5d Js]
PLR_5780215GR: shows [5c Ad]
PLR_4095974MY: shows [9s 9h]
*** SUMMARY ***
Total pot $0.64 | Rake $0.03
Board [2h As Jh Qc]
Seat 2: PLR_4622833QC showed [6s 9c]
Seat 3: Hero collected ($0.61)
Seat 4: PLR_1349111OR (button) showed [5d Js]
Seat 5: PLR_5780215GR (small blind) showed [5c Ad]
Seat 6: PLR_4095974MY (big blind) showed [9s 9h]



PokerStars Hand #4803361348: Hold'em No Limit ($0.02/$0.05) - 2025/07/11 16:45:12
Table '#35071501' 6-max Seat #5 is the button
Seat 1: PLR_1428333YT ($9.08 in chips)
Seat 2: PLR_4622833QC ($14.30 in chips)
Seat 3: Hero ($6.81 in chips)
Seat 4: PLR_1349111OR ($5 in chips)
Seat 5: PLR_5780215GR ($4.18 in chips)
Seat 6: PLR_4095974MY ($6.60 in chips)
PLR_4095974MY: posts small blind $0.02
PLR_1428333YT: posts big blind $0.05
*** HOLE CARDS ***
Dealt to Hero [Ts Jh]
PLR_4622833QC: calls $0.05 
Hero: raises $0.15 to $0.15
PLR_1349111OR: folds
PLR_5780215GR: folds
PLR_4095974MY: calls $0.13 
PLR_1428333YT: calls $0.10 
PLR_4622833QC: calls $0.10 
*** FLOP *** [5d 3c As]
PLR_4095974MY: checks
PLR_1428333YT: checks
PLR_4622833QC: checks
Hero: checks
*** TURN *** [5d 3c As] [9d]
PLR_4095974MY: checks
PLR_1428333YT: checks
PLR_4622833QC: bets $0.29 
Hero: folds
PLR_4095974MY: folds
PLR_1428333YT: folds
Uncalled bet ($0.29) returned to PLR_4622833QC
PLR_4622833QC: shows [6d Ah]
PLR_4622833QC collected $0.57 from pot
PLR_1428333YT: shows [Qh Tc]
Hero: shows [Ts Jh]
PLR_1349111OR: shows [9s Jd]
PLR_5780215GR: shows [4c Td]
PLR_4095974MY: shows [6h 8h]
*** SUMMARY ***
Total pot $0.6 | Rake $0.03
Board [5d 3c As 9d]
Seat 1: PLR_1428333YT (big blind) showed [Qh Tc]
Seat 2: PLR_4622833QC showed [6d Ah] and won ($0.57)
Seat 3: Hero showed [Ts Jh]
Seat 4: PLR_1349111OR showed [9s Jd]
Seat 5: PLR_5780215GR (button) showed [4c Td]
Seat 6: PLR_4095974MY (small blind) showed [6h 8h]



PokerStars Hand #4803361747: Hold'em No Limit ($0.02/$0.05) - 2025/07/11 16:46:40
Table '#35071501' 6-max Seat #6 is the button
Seat 1: PLR_1428333YT ($8.93 in chips)
Seat 2: PLR_4622833QC ($14.72 in chips)
Seat 3: Hero ($6.66 in chips)
Seat 4: PLR_1349111OR ($5 in chips)
Seat 5: PLR_5780215GR ($4.18 in chips)
Seat 6: PLR_4095974MY ($6.45 in chips)
PLR_1428333YT: posts small blind $0.02
PLR_4622833QC: posts big blind $0.05
*** HOLE CARDS ***
Dealt to Hero [8s 3h]
Hero: folds
PLR_1349111OR: raises $0.15 to $0.15
PLR_5780215GR: folds
PLR_4095974MY: calls $0.15 
PLR_1428333YT: calls $0.13 
PLR_4622833QC: calls $0.10 
*** FLOP *** [7c 6c As]
PLR_1428333YT: checks
PLR_4622833QC: checks
PLR_1349111OR: checks
PLR_4095974MY: bets $0.43 
PLR_1428333YT: folds
PLR_4622833QC: folds
PLR_1349111OR: folds
Uncalled bet ($0.43) returned to PLR_4095974MY
PLR_4095974MY: shows [Jd Qs]
PLR_4095974MY collected $0.57 from pot
PLR_1428333YT: shows [Qc Jh]
PLR_4622833QC: shows [Td Qh]
Hero: shows [8s 3h]
PLR_1349111OR: shows [Js 9s]
PLR_5780215GR: shows [2c 5h]
*** SUMMARY ***
Total pot $0.6 | Rake $0.03
Board [7c 6c As]
Seat 1: PLR_1428333YT (small blind) showed [Qc Jh]
Seat 2: PLR_4622833QC (big blind) showed [Td Qh]
Seat 3: Hero showed [8s 3h]
Seat 4: PLR_1349111OR showed [Js 9s]
Seat 5: PLR_5780215GR showed [2c 5h]
Seat 6: PLR_4095974MY (button) showed [Jd Qs] and won ($0.57)



PokerStars Hand #4803362030: Hold'em No Limit ($0.02/$0.05) - 2025/07/11 16:47:44
Table '#35071501' 6-max Seat #1 is the button
Seat 1: PLR_1428333YT ($8.78 in chips)
Seat 2: PLR_4622833QC ($14.57 in chips)
Seat 3: Hero ($6.66 in chips)
Seat 4: PLR_1349111OR ($4.85 in chips)
Seat 5: PLR_5780215GR ($4.18 in chips)
Seat 6: PLR_4095974MY ($6.87 in chips)
PLR_4622833QC: posts small blind $0.02
Hero: posts big blind $0.05
*** HOLE CARDS ***
Dealt to Hero [Tc 2s]
PLR_1349111OR: folds
PLR_5780215GR: folds
PLR_4095974MY: folds
PLR_1428333YT: calls $0.05 
PLR_4622833QC: raises $0.13 to $0.15
Hero: folds
PLR_1428333YT: calls $0.10 
*** FLOP *** [Jd 7c 4c]
PLR_4622833QC: checks
PLR_1428333YT: bets $0.17 
PLR_4622833QC: calls $0.17 
*** TURN *** [Jd 7c 4c] [8s]
PLR_4622833QC: checks
PLR_1428333YT: bets $0.33 
PLR_4622833QC: folds
Uncalled bet ($0.33) returned to PLR_1428333YT
PLR_1428333YT: shows [9c 8c]
PLR_1428333YT collected $0.66 from pot
PLR_4622833QC: shows [Qc Ah]
Hero: shows [Tc 2s]
PLR_1349111OR: shows [3d 9s]
PLR_5780215GR: shows [9d 5c]
PLR_4095974MY: shows [Kh 4d]
*** SUMMARY ***
Total pot $0.69 | Rake $0.03
Board [Jd 7c 4c 8s]
Seat 1: PLR_1428333YT (button) showed [9c 8c] and won ($0.66)
Seat 2: PLR_4622833QC (small blind) showed [Qc Ah]
Seat 3: Hero (big blind) showed [Tc 2s]
Seat 4: PLR_1349111OR showed [3d 9s]
Seat 5: PLR_5780215GR showed [9d 5c]
Seat 6: PLR_4095974MY showed [Kh 4d]



PokerStars Hand #4803362253: Hold'em No Limit ($0.02/$0.05) - 2025/07/11 16:48:29
Table '#35071501' 6-max Seat #2 is the button
Seat 1: PLR_1428333YT ($9.12 in chips)
Seat 2: PLR_4622833QC ($14.25 in chips)
Seat 3: Hero ($6.61 in chips)
Seat 4: PLR_1349111OR ($5 in chips)
Seat 5: PLR_5780215GR ($4.18 in chips)
Seat 6: PLR_4095974MY ($6.87 in chips)
Hero: posts small blind $0.02
PLR_1349111OR: posts big blind $0.05
*** HOLE CARDS ***
Dealt to Hero [7s 3h]
PLR_5780215GR: folds
PLR_4095974MY: folds
PLR_1428333YT: calls $0.05 
PLR_4622833QC: calls $0.05 
Hero: folds
PLR_1349111OR: checks
*** FLOP *** [Qs 7d 8c]
PLR_1349111OR: checks
PLR_1428333YT: checks
PLR_4622833QC: bets $0.05 
PLR_1349111OR: calls $0.05 
PLR_1428333YT: calls $0.05 
*** TURN *** [Qs 7d 8c] [2h]
PLR_1349111OR: checks
PLR_1428333YT: checks
PLR_4622833QC: bets $0.05 
PLR_1349111OR: calls $0.05 
PLR_1428333YT: calls $0.05 
*** RIVER *** [Qs 7d 8c 2h] [4s]
PLR_1349111OR: checks
PLR_1428333YT: checks
PLR_4622833QC: checks
*** SHOW DOWN ***
PLR_1349111OR: shows [Tc 6s] (high card Queen)
PLR_1428333YT: shows [8s 9d] (a pair of Eights)
PLR_4622833QC: shows [8h Jh] (a pair of Eights)
PLR_4622833QC collected $0.45 from pot
Hero: shows [7s 3h]
PLR_5780215GR: shows [Ad 5c]
PLR_4095974MY: shows [Kh 2s]
*** SUMMARY ***
Total pot $0.47 | Rake $0.02
Board [Qs 7d 8c 2h 4s]
Seat 1: PLR_1428333YT showed [8s 9d] and lost with a pair of Eights
Seat 2: PLR_4622833QC (button) showed [8h Jh] and won ($0.45) with a pair of Eights
Seat 3: Hero (small blind) showed [7s 3h]
Seat 4: PLR_1349111OR (big blind) showed [Tc 6s] and lost with high card Ten
Seat 5: PLR_5780215GR showed [Ad 5c]
Seat 6: PLR_4095974MY showed [Kh 2s]



PokerStars Hand #4803362516: Hold'em No Limit ($0.02/$0.05) - 2025/07/11 16:49:28
Table '#35071501' 6-max Seat #3 is the button
Seat 1: PLR_1428333YT ($8.97 in chips)
Seat 2: PLR_4622833QC ($14.55 in chips)
Seat 3: Hero ($6.59 in chips)
Seat 4: PLR_1349111OR ($4.85 in chips)
Seat 5: PLR_5780215GR ($4.18 in chips)
Seat 6: PLR_4095974MY ($6.87 in chips)
PLR_1349111OR: posts small blind $0.02
PLR_5780215GR: posts big blind $0.05
*** HOLE CARDS ***
Dealt to Hero [Qc 9d]
PLR_4095974MY: raises $0.15 to $0.15
PLR_1428333YT: calls $0.15 
PLR_4622833QC: folds
Hero: folds
PLR_1349111OR: folds
PLR_5780215GR: folds
*** FLOP *** [Kd 3d 5h]
PLR_4095974MY: bets $0.27 
PLR_1428333YT: folds
Uncalled bet ($0.27) returned to PLR_4095974MY
PLR_4095974MY: shows [4h 5d]
PLR_4095974MY collected $0.36 from pot
PLR_1428333YT: shows [As 3s]
PLR_4622833QC: shows [3h 6s]
Hero: shows [Qc 9d]
PLR_1349111OR: shows [Td Jh]
PLR_5780215GR: shows [Qd Js]
*** SUMMARY ***
Total pot $0.37 | Rake $0.01
Board [Kd 3d 5h]
Seat 1: PLR_1428333YT showed [As 3s]
Seat 2: PLR_4622833QC showed [3h 6s]
Seat 3: Hero (button) showed [Qc 9d]
Seat 4: PLR_1349111OR (small blind) showed [Td Jh]
Seat 5: PLR_5780215GR (big blind) showed [Qd Js]
Seat 6: PLR_4095974MY showed [4h 5d] and won ($0.36)



PokerStars Hand #4803362718: Hold'em No Limit ($0.02/$0.05) - 2025/07/11 16:50:14
Table '#35071501' 6-max Seat #4 is the button
Seat 1: PLR_1428333YT ($8.82 in chips)
Seat 2: PLR_4622833QC ($14.55 in chips)
Seat 3: Hero ($6.59 in chips)
Seat 4: PLR_1349111OR ($4.83 in chips)
Seat 5: PLR_5780215GR ($4.13 in chips)
Seat 6: PLR_4095974MY ($7.08 in chips)
PLR_5780215GR: posts small blind $0.02
PLR_4095974MY: posts big blind $0.05
*** HOLE CARDS ***
Dealt to Hero [8d 2d]
PLR_1428333YT: calls $0.05 
PLR_4622833QC: raises $0.25 to $0.25
Hero: folds
PLR_1349111OR: folds
PLR_5780215GR: folds
PLR_4095974MY: folds
PLR_1428333YT: folds
*** SHOW DOWN ***
PLR_4622833QC: shows [Kd Ad] (high card King)
Uncalled bet ($0.20) returned to PLR_4622833QC
PLR_4622833QC collected $0.17 from pot
PLR_1428333YT: shows [7s 8h]
Hero: shows [8d 2d]
PLR_1349111OR: shows [6s 9s]
PLR_5780215GR: shows [3d Kh]
PLR_4095974MY: shows [4c Jh]
*** SUMMARY ***
Total pot $0.17 | Rake $0.00
Seat 1: PLR_1428333YT showed [7s 8h]
Seat 2: PLR_4622833QC collected ($0.17)
Seat 3: Hero showed [8d 2d]
Seat 4: PLR_1349111OR (button) showed [6s 9s]
Seat 5: PLR_5780215GR (small blind) showed [3d Kh]
Seat 6: PLR_4095974MY (big blind) showed [4c Jh]



PokerStars Hand #4803362953: Hold'em No Limit ($0.02/$0.05) - 2025/07/11 16:51:11
Table '#35071501' 6-max Seat #5 is the button
Seat 1: PLR_1428333YT ($8.77 in chips)
Seat 2: PLR_4622833QC ($14.67 in chips)
Seat 3: Hero ($6.59 in chips)
Seat 4: PLR_1349111OR ($5 in chips)
Seat 5: PLR_5780215GR ($4.11 in chips)
Seat 6: PLR_4095974MY ($7.03 in chips)
PLR_4095974MY: posts small blind $0.02
PLR_1428333YT: posts big blind $0.05
*** HOLE CARDS ***
Dealt to Hero [3s 6s]
PLR_4622833QC: folds
Hero: folds
PLR_1349111OR: raises $0.15 to $0.15
PLR_5780215GR: folds
PLR_4095974MY: folds (disconnect)
PLR_1428333YT: folds
Uncalled bet ($0.10) returned to PLR_1349111OR
PLR_1349111OR: shows [Ts 9s]
PLR_1349111OR collected $0.12 from pot
Table deposit $4.95 
PLR_1428333YT: shows [6h Qs]
PLR_4622833QC: shows [4d Th]
Hero: shows [3s 6s]
PLR_5780215GR: shows [8h 9d]
PLR_4095974MY: shows [5h 4h]
*** SUMMARY ***
Total pot $0.12 | Rake $0.00
Seat 1: PLR_1428333YT (big blind) showed [6h Qs]
Seat 2: PLR_4622833QC showed [4d Th]
Seat 3: Hero showed [3s 6s]
Seat 4: PLR_1349111OR showed [Ts 9s] and won ($0.12)
Seat 5: PLR_5780215GR (button) showed [8h 9d]
Seat 6: PLR_4095974MY (small blind) showed [5h 4h]



PokerStars Hand #4803363151: Hold'em No Limit ($0.02/$0.05) - 2025/07/11 16:51:57
Table '#35071501' 6-max Seat #5 is the button
Seat 1: PLR_1428333YT ($8.72 in chips)
Seat 2: PLR_4622833QC ($14.67 in chips)
Seat 3: Hero ($6.59 in chips)
Seat 4: PLR_1349111OR ($5.07 in chips)
Seat 5: PLR_5780215GR ($4.11 in chips)
Set dealer
PLR_1428333YT: posts small blind $0.02
PLR_4622833QC: posts big blind $0.05
*** HOLE CARDS ***
Dealt to Hero [Ad 6h]
Hero: raises $0.15 to $0.15
PLR_1349111OR: folds
PLR_5780215GR: folds
PLR_1428333YT: calls $0.13 
PLR_4622833QC: calls $0.10 
*** FLOP *** [5s 2h Jd]
PLR_1428333YT: bets $0.10 
PLR_4622833QC: folds
Hero: raises $0.30 to $0.30
PLR_1428333YT: calls $0.20 
*** TURN *** [5s 2h Jd] [Kh]
PLR_1428333YT: checks
Hero: checks
*** RIVER *** [5s 2h Jd Kh] [7h]
PLR_1428333YT: bets $1 
Hero: folds
Uncalled bet ($1) returned to PLR_1428333YT
PLR_1428333YT: shows [Js 7d]
PLR_1428333YT collected $1 from pot
PLR_4622833QC: shows [Kc Ts]
Hero: shows [Ad 6h]
PLR_1349111OR: shows [Ac 5d]
PLR_5780215GR: shows [8d 6d]
*** SUMMARY ***
Total pot $1.05 | Rake $0.05
Board [5s 2h Jd Kh 7h]
Seat 1: PLR_1428333YT (small blind) showed [Js 7d] and won ($1)
Seat 2: PLR_4622833QC (big blind) showed [Kc Ts]
Seat 3: Hero showed [Ad 6h]
Seat 4: PLR_1349111OR showed [Ac 5d]
Seat 5: PLR_5780215GR (button) showed [8d 6d]



PokerStars Hand #4803363531: Hold'em No Limit ($0.02/$0.05) - 2025/07/11 16:53:25
Table '#35071501' 6-max Seat #1 is the button
Seat 1: PLR_1428333YT ($9.27 in chips)
Seat 2: PLR_4622833QC ($14.52 in chips)
Seat 3: Hero ($6.14 in chips)
Seat 4: PLR_1349111OR ($5.07 in chips)
Seat 5: PLR_5780215GR ($4.11 in chips)
Seat 6: PLR_9423814NG ($4.95 in chips)
PLR_4622833QC: posts small blind $0.02
Hero: posts big blind $0.05
PLR_9423814NG: posts big blind $0.05
*** HOLE CARDS ***
Dealt to Hero [2c 3s]
PLR_1349111OR: folds
PLR_5780215GR: folds
PLR_9423814NG: checks
PLR_1428333YT: folds
PLR_4622833QC: calls $0.03 
Hero: checks
*** FLOP *** [Jh Jd Ac]
PLR_4622833QC: checks
Hero: checks
PLR_9423814NG: checks
*** TURN *** [Jh Jd Ac] [5s]
PLR_4622833QC: checks
Hero: checks
PLR_9423814NG: checks
*** RIVER *** [Jh Jd Ac 5s] [Jc]
PLR_4622833QC: checks
Hero: checks
PLR_9423814NG: checks
*** SHOW DOWN ***
PLR_4622833QC: shows [7d Qs] (three of a kind, Jacks)
Hero: shows [2c 3s] (Three of a kind)
PLR_9423814NG: shows [Kd 2h] (three of a kind, Jacks)
PLR_9423814NG collected $0.15 from pot
PLR_1428333YT: shows [6s 3d]
Hero: shows [2c 3s]
PLR_1349111OR: shows [Ah 8c]
PLR_5780215GR: shows [Qd 2s]
*** SUMMARY ***
Total pot $0.15 | Rake $0.00
Board [Jh Jd Ac 5s Jc]
Seat 1: PLR_1428333YT (button) showed [6s 3d]
Seat 2: PLR_4622833QC (small blind) showed [7d Qs] and lost with three of a kind, Jacks
Seat 3: Hero (big blind) showed [2c 3s]
Seat 4: PLR_1349111OR showed [Ah 8c]
Seat 5: PLR_5780215GR showed [Qd 2s]
Seat 6: PLR_9423814NG showed [Kd 2h] and won ($0.15) with three of a kind, Jacks



PokerStars Hand #4803363846: Hold'em No Limit ($0.02/$0.05) - 2025/07/11 16:54:37
Table '#35071501' 6-max Seat #2 is the button
Seat 1: PLR_1428333YT ($9.27 in chips)
Seat 2: PLR_4622833QC ($14.47 in chips)
Seat 3: Hero ($6.09 in chips)
Seat 4: PLR_1349111OR ($5.07 in chips)
Seat 5: PLR_5780215GR ($4.11 in chips)
Seat 6: PLR_9423814NG ($5.05 in chips)
Hero: posts small blind $0.02
PLR_1349111OR: posts big blind $0.05
*** HOLE CARDS ***
Dealt to Hero [Td Jc]
PLR_5780215GR: folds
PLR_9423814NG: folds
PLR_1428333YT: folds
PLR_4622833QC: calls $0.05 
Hero: calls $0.03 
PLR_1349111OR: checks
*** FLOP *** [7c 3d 4s]
Hero: checks
PLR_1349111OR: checks
PLR_4622833QC: bets $0.05 
Hero: folds
PLR_1349111OR: folds
Uncalled bet ($0.05) returned to PLR_4622833QC
PLR_4622833QC: shows [Kc 4c]
PLR_4622833QC collected $0.15 from pot
PLR_1428333YT: shows [4h Js]
Hero: shows [Td Jc]
PLR_1349111OR: shows [9h Ks]
PLR_5780215GR: shows [8s 5c]
PLR_9423814NG: shows [6d Jd]
*** SUMMARY ***
Total pot $0.15 | Rake $0.00
Board [7c 3d 4s]
Seat 1: PLR_1428333YT showed [4h Js]
Seat 2: PLR_4622833QC (button) showed [Kc 4c] and won ($0.15)
Seat 3: Hero (small blind) showed [Td Jc]
Seat 4: PLR_1349111OR (big blind) showed [9h Ks]
Seat 5: PLR_5780215GR showed [8s 5c]
Seat 6: PLR_9423814NG showed [6d Jd]



PokerStars Hand #4803364080: Hold'em No Limit ($0.02/$0.05) - 2025/07/11 16:55:30
Table '#35071501' 6-max Seat #3 is the button
Seat 1: PLR_1428333YT ($9.27 in chips)
Seat 2: PLR_4622833QC ($14.57 in chips)
Seat 3: Hero ($6.04 in chips)
Seat 4: PLR_1349111OR ($5.02 in chips)
Seat 5: PLR_5780215GR ($4.11 in chips)
Seat 6: PLR_9423814NG ($5.05 in chips)
PLR_1349111OR: posts small blind $0.02
PLR_5780215GR: posts big blind $0.05
*** HOLE CARDS ***
Dealt to Hero [Jd 6c]
PLR_9423814NG: calls $0.05 
PLR_1428333YT: calls $0.05 
PLR_4622833QC: calls $0.05 
Hero: folds
PLR_1349111OR: calls $0.03 
PLR_5780215GR: raises $0.65 to $0.70
PLR_9423814NG: folds
PLR_1428333YT: folds
PLR_4622833QC: folds
PLR_1349111OR: folds
Uncalled bet ($0.65) returned to PLR_5780215GR
PLR_5780215GR: shows [Qh Qd]
PLR_5780215GR collected $0.25 from pot
PLR_1428333YT: shows [As 9c]
PLR_4622833QC: shows [Td 6d]
Hero: shows [Jd 6c]
PLR_1349111OR: shows [3d 8d]
PLR_9423814NG: shows [3h 7h]
*** SUMMARY ***
Total pot $0.25 | Rake $0.00
Seat 1: PLR_1428333YT showed [As 9c]
Seat 2: PLR_4622833QC showed [Td 6d]
Seat 3: Hero (button) showed [Jd 6c]
Seat 4: PLR_1349111OR (small blind) showed [3d 8d]
Seat 5: PLR_5780215GR (big blind) showed [Qh Qd] and won ($0.25)
Seat 6: PLR_9423814NG showed [3h 7h]



PokerStars Hand #4803364281: Hold'em No Limit ($0.02/$0.05) - 2025/07/11 16:56:17
Table '#35071501' 6-max Seat #4 is the button
Seat 1: PLR_1428333YT ($9.22 in chips)
Seat 2: PLR_4622833QC ($14.52 in chips)
Seat 3: Hero ($6.04 in chips)
Seat 4: PLR_1349111OR ($4.97 in chips)
Seat 5: PLR_5780215GR ($4.31 in chips)
Seat 6: PLR_9423814NG ($5 in chips)
PLR_5780215GR: posts small blind $0.02
PLR_9423814NG: posts big blind $0.05
*** HOLE CARDS ***
Dealt to Hero [2s 3h]
PLR_1428333YT: raises $0.10 to $0.10
PLR_4622833QC: folds
Hero: folds
PLR_1349111OR: calls $0.10 
PLR_5780215GR: folds
PLR_9423814NG: folds
*** FLOP *** [7s Jc 2c]
PLR_1428333YT: bets $0.13 
PLR_1349111OR: calls $0.13 
*** TURN *** [7s Jc 2c] [3c]
PLR_1428333YT: checks
PLR_1349111OR: bets $0.28 
PLR_1428333YT: calls $0.28 
*** RIVER *** [7s Jc 2c 3c] [6h]
PLR_1428333YT: checks
PLR_1349111OR: bets $0.83 
PLR_1428333YT: folds
Uncalled bet ($0.83) returned to PLR_1349111OR
PLR_1349111OR: shows [Ad Ts]
PLR_1349111OR collected $1.04 from pot
PLR_1428333YT: shows [Kd Jd]
PLR_4622833QC: shows [7c 5s]
Hero: shows [2s 3h]
PLR_5780215GR: shows [Qd 7d]
PLR_9423814NG: shows [Qh 8d]
*** SUMMARY ***
Total pot $1.09 | Rake $0.05
Board [7s Jc 2c 3c 6h]
Seat 1: PLR_1428333YT showed [Kd Jd]
Seat 2: PLR_4622833QC showed [7c 5s]
Seat 3: Hero showed [2s 3h]
Seat 4: PLR_1349111OR (button) showed [Ad Ts] and won ($1.04)
Seat 5: PLR_5780215GR (small blind) showed [Qd 7d]
Seat 6: PLR_9423814NG (big blind) showed [Qh 8d]



PokerStars Hand #4803364723: Hold'em No Limit ($0.02/$0.05) - 2025/07/11 16:57:57
Table '#35071501' 6-max Seat #5 is the button
Seat 1: PLR_1428333YT ($8.71 in chips)
Seat 2: PLR_4622833QC ($14.52 in chips)
Seat 3: Hero ($6.04 in chips)
Seat 4: PLR_1349111OR ($5.50 in chips)
Seat 5: PLR_5780215GR ($4.29 in chips)
Seat 6: PLR_9423814NG ($4.95 in chips)
PLR_9423814NG: posts small blind $0.02
PLR_1428333YT: posts big blind $0.05
*** HOLE CARDS ***
Dealt to Hero [9h 8s]
PLR_4622833QC: calls $0.05 
Hero: calls $0.05 
PLR_1349111OR: folds
PLR_5780215GR: folds
PLR_9423814NG: folds
PLR_1428333YT: checks
*** FLOP *** [5h 3h 5d]
PLR_1428333YT: checks
PLR_4622833QC: checks
Hero: checks
*** TURN *** [5h 3h 5d] [Jh]
PLR_1428333YT: bets $0.05 
PLR_4622833QC: folds
Hero: calls $0.05 
*** RIVER *** [5h 3h 5d Jh] [6h]
PLR_1428333YT: bets $8.61 and is all-in
Hero: folds
Uncalled bet ($8.61) returned to PLR_1428333YT
PLR_1428333YT: shows [5c 5s]
PLR_1428333YT collected $0.26 from pot
PLR_4622833QC: shows [9d Kd]
Hero: shows [9h 8s]
PLR_1349111OR: shows [8h As]
PLR_5780215GR: shows [Ts 8c]
PLR_9423814NG: shows [Qh 2c]
*** SUMMARY ***
Total pot $0.27 | Rake $0.01
Board [5h 3h 5d Jh 6h]
Seat 1: PLR_1428333YT (big blind) showed [5c 5s] and won ($0.26)
Seat 2: PLR_4622833QC showed [9d Kd]
Seat 3: Hero showed [9h 8s]
Seat 4: PLR_1349111OR showed [8h As]
Seat 5: PLR_5780215GR (button) showed [Ts 8c]
Seat 6: PLR_9423814NG (small blind) showed [Qh 2c]



PokerStars Hand #4803365218: Hold'em No Limit ($0.02/$0.05) - 2025/07/11 16:59:45
Table '#35071501' 6-max Seat #6 is the button
Seat 1: PLR_1428333YT ($8.87 in chips)
Seat 2: PLR_4622833QC ($14.47 in chips)
Seat 3: Hero ($5.94 in chips)
Seat 4: PLR_1349111OR ($5.50 in chips)
Seat 5: PLR_5780215GR ($4.29 in chips)
Seat 6: PLR_9423814NG ($4.93 in chips)
PLR_1428333YT: posts small blind $0.02
PLR_4622833QC: posts big blind $0.05
*** HOLE CARDS ***
Dealt to Hero [Ac 6d]
Hero: raises $0.15 to $0.15
PLR_1349111OR: folds
PLR_5780215GR: folds
PLR_9423814NG: folds
PLR_1428333YT: calls $0.13 
PLR_4622833QC: calls $0.10 
*** FLOP *** [2d 2h 3h]
PLR_1428333YT: checks
PLR_4622833QC: bets $0.05 
Hero: calls $0.05 
PLR_1428333YT: folds
*** TURN *** [2d 2h 3h] [3d]
PLR_4622833QC: bets $0.05 
Hero: calls $0.05 
*** RIVER *** [2d 2h 3h 3d] [7s]
PLR_4622833QC: bets $14.22 and is all-in
Hero: folds
Uncalled bet ($14.22) returned to PLR_4622833QC
PLR_4622833QC: shows [4s 3c]
PLR_4622833QC collected $0.62 from pot
PLR_1428333YT: shows [Js 8c]
Hero: shows [Ac 6d]
PLR_1349111OR: shows [4c 7h]
PLR_5780215GR: shows [5s Th]
PLR_9423814NG: shows [Td 8s]
*** SUMMARY ***
Total pot $0.65 | Rake $0.03
Board [2d 2h 3h 3d 7s]
Seat 1: PLR_1428333YT (small blind) showed [Js 8c]
Seat 2: PLR_4622833QC (big blind) showed [4s 3c] and won ($0.62)
Seat 3: Hero showed [Ac 6d]
Seat 4: PLR_1349111OR showed [4c 7h]
Seat 5: PLR_5780215GR showed [5s Th]
Seat 6: PLR_9423814NG (button) showed [Td 8s]



PokerStars Hand #4803365523: Hold'em No Limit ($0.02/$0.05) - 2025/07/11 17:00:56
Table '#35071501' 6-max Seat #1 is the button
Seat 1: PLR_1428333YT ($8.72 in chips)
Seat 2: PLR_4622833QC ($14.84 in chips)
Seat 3: Hero ($5.69 in chips)
Seat 4: PLR_1349111OR ($5.50 in chips)
Seat 5: PLR_5780215GR ($4.29 in chips)
Seat 6: PLR_9423814NG ($4.93 in chips)
PLR_4622833QC: posts small blind $0.02
Hero: posts big blind $0.05
*** HOLE CARDS ***
Dealt to Hero [Jd 4s]
PLR_1349111OR: calls $0.05 
PLR_5780215GR: calls $0.05 
PLR_9423814NG: folds
PLR_1428333YT: calls $0.05 
PLR_4622833QC: calls $0.03 
Hero: checks
*** FLOP *** [Qh 9d 3s]
PLR_4622833QC: checks
Hero: checks
PLR_1349111OR: checks
PLR_5780215GR: checks
PLR_1428333YT: checks
*** TURN *** [Qh 9d 3s] [5s]
PLR_4622833QC: checks
Hero: checks
PLR_1349111OR: checks
PLR_5780215GR: checks
PLR_1428333YT: checks
*** RIVER *** [Qh 9d 3s 5s] [8s]
PLR_4622833QC: checks
Hero: checks
PLR_1349111OR: checks
PLR_5780215GR: checks
PLR_1428333YT: checks
*** SHOW DOWN ***
PLR_4622833QC: shows [Ks Jc] (high card King)
Hero: shows [Jd 4s] (High Card)
PLR_1349111OR: shows [5h 4h] (a pair of Fives)
PLR_5780215GR: shows [5c 6c] (a pair of Fives)
PLR_1428333YT: shows [Tc Ad] (High Card)
PLR_1349111OR collected $0.12 from pot
PLR_5780215GR collected $0.12 from pot
PLR_1428333YT: shows [Tc Ad]
Hero: shows [Jd 4s]
PLR_9423814NG: shows [9c 7s]
*** SUMMARY ***
Total pot $0.25 | Rake $0.01
Board [Qh 9d 3s 5s 8s]
Seat 1: PLR_1428333YT (button) showed [Tc Ad]
Seat 2: PLR_4622833QC (small blind) showed [Ks Jc] and lost with high card King
Seat 3: Hero (big blind) showed [Jd 4s]
Seat 4: PLR_1349111OR showed [5h 4h] and won ($0.12) with a pair of Fives
Seat 5: PLR_5780215GR showed [5c 6c] and won ($0.12) with a pair of Fives
Seat 6: PLR_9423814NG showed [9c 7s]



PokerStars Hand #4803365846: Hold'em No Limit ($0.02/$0.05) - 2025/07/11 17:02:09
Table '#35071501' 6-max Seat #2 is the button
Seat 1: PLR_1428333YT ($8.67 in chips)
Seat 2: PLR_4622833QC ($14.79 in chips)
Seat 3: Hero ($5.64 in chips)
Seat 4: PLR_1349111OR ($5.57 in chips)
Seat 5: PLR_5780215GR ($4.36 in chips)
Seat 6: PLR_9423814NG ($4.93 in chips)
Hero: posts small blind $0.02
PLR_1349111OR: posts big blind $0.05
*** HOLE CARDS ***
Dealt to Hero [9h Ts]
PLR_5780215GR: raises $0.13 to $0.13
PLR_9423814NG: folds
PLR_1428333YT: calls $0.13 
PLR_4622833QC: folds
Hero: folds
PLR_1349111OR: folds
*** FLOP *** [Qd 3c 3d]
PLR_5780215GR: checks
PLR_1428333YT: checks
*** TURN *** [Qd 3c 3d] [6d]
PLR_5780215GR: bets $0.16 
PLR_1428333YT: calls $0.16 
*** RIVER *** [Qd 3c 3d 6d] [9c]
PLR_5780215GR: bets $0.62 
PLR_1428333YT: raises $1.24 to $1.24
PLR_5780215GR: raises $2.83 to $4.07 and is all-in
PLR_1428333YT: calls $2.83 
*** SHOW DOWN ***
PLR_5780215GR: shows [Qh Qs] (a full house, Queens full of Threes)
PLR_1428333YT: shows [Ad 8d] (Flush)
PLR_5780215GR collected $8.36 from pot
PLR_1428333YT: shows [Ad 8d]
PLR_4622833QC: shows [Kd 7c]
Hero: shows [9h Ts]
PLR_1349111OR: shows [4h Ah]
PLR_9423814NG: shows [6c 9d]
*** SUMMARY ***
Total pot $8.79 | Rake $0.43
Board [Qd 3c 3d 6d 9c]
Seat 1: PLR_1428333YT showed [Ad 8d]
Seat 2: PLR_4622833QC (button) showed [Kd 7c]
Seat 3: Hero (small blind) showed [9h Ts]
Seat 4: PLR_1349111OR (big blind) showed [4h Ah]
Seat 5: PLR_5780215GR showed [Qh Qs] and won ($8.36) with a full house, Queens full of Threes
Seat 6: PLR_9423814NG showed [6c 9d]



PokerStars Hand #4803366306: Hold'em No Limit ($0.02/$0.05) - 2025/07/11 17:03:57
Table '#35071501' 6-max Seat #3 is the button
Seat 1: PLR_1428333YT ($4.31 in chips)
Seat 2: PLR_4622833QC ($14.79 in chips)
Seat 3: Hero ($5.62 in chips)
Seat 4: PLR_1349111OR ($5.52 in chips)
Seat 5: PLR_5780215GR ($8.36 in chips)
Seat 6: PLR_9423814NG ($4.93 in chips)
PLR_1349111OR: posts small blind $0.02
PLR_5780215GR: posts big blind $0.05
*** HOLE CARDS ***
Dealt to Hero [Jh Ac]
PLR_9423814NG: calls $0.05 
PLR_1428333YT: folds
PLR_4622833QC: calls $0.05 
Hero: raises $0.15 to $0.15
PLR_1349111OR: folds
PLR_5780215GR: folds
PLR_9423814NG: calls $0.10 
PLR_4622833QC: calls $0.10 
*** FLOP *** [5d 5h Th]
Table deposit $1.50 
PLR_9423814NG: checks
PLR_4622833QC: checks
Hero: checks
*** TURN *** [5d 5h Th] [3s]
PLR_9423814NG: checks
PLR_4622833QC: checks
Hero: checks
*** RIVER *** [5d 5h Th 3s] [Js]
PLR_9423814NG: checks
PLR_4622833QC: checks
Hero: bets $0.38 
PLR_9423814NG: folds
PLR_4622833QC: folds
Uncalled bet ($0.38) returned to Hero
Hero: shows [Jh Ac]
Hero collected $0.5 from pot
PLR_1428333YT: shows [7h Ts]
PLR_4622833QC: shows [9d 6s]
PLR_1349111OR: shows [4d 4c]
PLR_5780215GR: shows [7s 9c]
PLR_9423814NG: shows [8h Qh]
*** SUMMARY ***
Total pot $0.52 | Rake $0.02
Board [5d 5h Th 3s Js]
Seat 1: PLR_1428333YT showed [7h Ts]
Seat 2: PLR_4622833QC showed [9d 6s]
Seat 3: Hero (button) collected ($0.5)
Seat 4: PLR_1349111OR (small blind) showed [4d 4c]
Seat 5: PLR_5780215GR (big blind) showed [7s 9c]
Seat 6: PLR_9423814NG showed [8h Qh]



PokerStars Hand #4803366571: Hold'em No Limit ($0.02/$0.05) - 2025/07/11 17:04:55
Table '#35071501' 6-max Seat #4 is the button
Seat 2: PLR_4622833QC ($14.64 in chips)
Seat 3: Hero ($5.97 in chips)
Seat 4: PLR_1349111OR ($5.50 in chips)
Seat 5: PLR_5780215GR ($8.31 in chips)
Seat 6: PLR_9423814NG ($4.78 in chips)
PLR_5780215GR: posts small blind $0.02
PLR_9423814NG: posts big blind $0.05
*** HOLE CARDS ***
Dealt to Hero [3h Js]
PLR_4622833QC: calls $0.05 
Hero: folds
PLR_1349111OR: folds
PLR_5780215GR: folds
PLR_9423814NG: raises $0.05 to $0.10
PLR_4622833QC: calls $0.05 
*** FLOP *** [Ks Tc Td]
PLR_9423814NG: bets $0.11 
PLR_4622833QC: calls $0.11 
*** TURN *** [Ks Tc Td] [Qd]
PLR_9423814NG: bets $0.21 
PLR_4622833QC: folds
Uncalled bet ($0.21) returned to PLR_9423814NG
PLR_9423814NG: shows [Qh Kh]
PLR_9423814NG collected $0.42 from pot
PLR_4622833QC: shows [5h 5c]
Hero: shows [3h Js]
PLR_1349111OR: shows [Jc 4h]
PLR_5780215GR: shows [Ah 5d]
*** SUMMARY ***
Total pot $0.44 | Rake $0.02
Board [Ks Tc Td Qd]
Seat 2: PLR_4622833QC showed [5h 5c]
Seat 3: Hero showed [3h Js]
Seat 4: PLR_1349111OR (button) showed [Jc 4h]
Seat 5: PLR_5780215GR (small blind) showed [Ah 5d]
Seat 6: PLR_9423814NG (big blind) showed [Qh Kh] and won ($0.42)



PokerStars Hand #4803366736: Hold'em No Limit ($0.02/$0.05) - 2025/07/11 17:05:31
Table '#35071501' 6-max Seat #5 is the button
Seat 1: PLR_9141220GK ($1.50 in chips)
Seat 2: PLR_4622833QC ($14.43 in chips)
Seat 3: Hero ($5.97 in chips)
Seat 4: PLR_1349111OR ($5.50 in chips)
Seat 5: PLR_5780215GR ($8.29 in chips)
Seat 6: PLR_9423814NG ($4.99 in chips)
PLR_9423814NG: posts small blind $0.02
PLR_9141220GK: posts big blind $0.05
*** HOLE CARDS ***
Dealt to Hero [Kh 8s]
PLR_4622833QC: calls $0.05 
Hero: calls $0.05 
PLR_1349111OR: folds
PLR_5780215GR: folds
PLR_9423814NG: folds
PLR_9141220GK: raises $0.17 to $0.22
PLR_4622833QC: folds
Hero: calls $0.17 
*** FLOP *** [9d 2s 8c]
PLR_9141220GK: bets $0.25 
Hero: calls $0.25 
*** TURN *** [9d 2s 8c] [Kc]
PLR_9141220GK: bets $0.48 
Hero: raises $5.02 to $5.50 and is all-in
PLR_9141220GK: calls $0.55 and is all-in
*** RIVER *** [9d 2s 8c Kc] [9s]
*** SHOW DOWN ***
PLR_9141220GK: shows [As Qc] (a pair of Nines)
Hero: shows [Kh 8s] (two pair, Kings and Nines)
Uncalled bet ($4.47) returned to Hero
Hero collected $2.92 from pot
PLR_4622833QC: shows [Ad 2h]
PLR_1349111OR: shows [2d 7h]
PLR_5780215GR: shows [4s Qs]
PLR_9423814NG: shows [Ks 3h]
*** SUMMARY ***
Total pot $3.07 | Rake $0.15
Board [9d 2s 8c Kc 9s]
Seat 1: PLR_9141220GK (big blind) showed [As Qc] and lost with a pair of Nines
Seat 2: PLR_4622833QC showed [Ad 2h]
Seat 3: Hero showed [Kh 8s] and won ($2.92) with two pair, Kings and Nines
Seat 4: PLR_1349111OR showed [2d 7h]
Seat 5: PLR_5780215GR (button) showed [4s Qs]
Seat 6: PLR_9423814NG (small blind) showed [Ks 3h]



PokerStars Hand #4803367068: Hold'em No Limit ($0.02/$0.05) - 2025/07/11 17:06:46
Table '#35071501' 6-max Seat #6 is the button
Seat 2: PLR_4622833QC ($14.38 in chips)
Seat 3: Hero ($7.39 in chips)
Seat 4: PLR_1349111OR ($5.50 in chips)
Seat 5: PLR_5780215GR ($8.29 in chips)
Seat 6: PLR_9423814NG ($4.97 in chips)
PLR_4622833QC: posts big blind $0.05
*** HOLE CARDS ***
Dealt to Hero [Js Td]
Hero: raises $0.15 to $0.15
PLR_1349111OR: folds
PLR_5780215GR: folds
PLR_9423814NG: folds
PLR_4622833QC: calls $0.10 
*** FLOP *** [As 3s 6s]
PLR_4622833QC: checks
Hero: checks
*** TURN *** [As 3s 6s] [9c]
Table deposit $1.50 
PLR_4622833QC: checks
Hero: checks
*** RIVER *** [As 3s 6s 9c] [3d]
PLR_4622833QC: checks
Hero: checks
*** SHOW DOWN ***
PLR_4622833QC: shows [Ts Th] (two pair, Tens and Threes)
Hero: shows [Js Td] (One pair)
PLR_4622833QC collected $0.29 from pot
Hero: shows [Js Td]
PLR_1349111OR: shows [7h 8d]
PLR_5780215GR: shows [Qd 2d]
PLR_9423814NG: shows [9d 8h]
*** SUMMARY ***
Total pot $0.3 | Rake $0.01
Board [As 3s 6s 9c 3d]
Seat 2: PLR_4622833QC (big blind) showed [Ts Th] and won ($0.29) with two pair, Tens and Threes
Seat 3: Hero showed [Js Td]
Seat 4: PLR_1349111OR showed [7h 8d]
Seat 5: PLR_5780215GR showed [Qd 2d]
Seat 6: PLR_9423814NG (button) showed [9d 8h]



PokerStars Hand #4803367239: Hold'em No Limit ($0.02/$0.05) - 2025/07/11 17:07:21
Table '#35071501' 6-max Seat #6 is the button
Seat 2: PLR_4622833QC ($14.52 in chips)
Seat 3: Hero ($7.24 in chips)
Seat 4: PLR_1349111OR ($5.50 in chips)
Seat 5: PLR_5780215GR ($8.29 in chips)
Seat 6: PLR_9423814NG ($4.97 in chips)
Set dealer
PLR_4622833QC: posts small blind $0.02
Hero: posts big blind $0.05
*** HOLE CARDS ***
Dealt to Hero [9h 6h]
PLR_1349111OR: raises $0.15 to $0.15
PLR_5780215GR: calls $0.15 
PLR_9423814NG: folds 
PLR_4622833QC: calls $0.13 
Hero: folds
*** FLOP *** [5s 8c Ac]
PLR_4622833QC: checks
PLR_1349111OR: bets $0.36 
PLR_5780215GR: folds
PLR_4622833QC: folds
Uncalled bet ($0.36) returned to PLR_1349111OR
PLR_1349111OR: shows [Ah Kd]
PLR_1349111OR collected $0.48 from pot
PLR_4622833QC: shows [Ks Jh]
Hero: shows [9h 6h]
PLR_5780215GR: shows [9s Ts]
PLR_9423814NG: shows [Kc 5d]
*** SUMMARY ***
Total pot $0.5 | Rake $0.02
Board [5s 8c Ac]
Seat 2: PLR_4622833QC (small blind) showed [Ks Jh]
Seat 3: Hero (big blind) showed [9h 6h]
Seat 4: PLR_1349111OR showed [Ah Kd] and won ($0.48)
Seat 5: PLR_5780215GR showed [9s Ts]
Seat 6: PLR_9423814NG (button) showed [Kc 5d]



PokerStars Hand #4803367535: Hold'em No Limit ($0.02/$0.05) - 2025/07/11 17:08:28
Table '#35071501' 6-max Seat #2 is the button
Seat 1: PLR_9141220GK ($1.50 in chips)
Seat 2: PLR_4622833QC ($14.37 in chips)
Seat 3: Hero ($7.19 in chips)
Seat 4: PLR_1349111OR ($5.83 in chips)
Seat 5: PLR_5780215GR ($8.14 in chips)
Hero: posts small blind $0.02
PLR_1349111OR: posts big blind $0.05
PLR_9141220GK: posts small blind $0.02
*** HOLE CARDS ***
Dealt to Hero [5d 5s]
PLR_5780215GR: folds
PLR_9141220GK: calls $0.03 
PLR_4622833QC: raises $0.15 to $0.15
Hero: folds
PLR_1349111OR: folds
PLR_9141220GK: calls $0.10 
*** FLOP *** [2s 6c 7h]
PLR_9141220GK: checks
PLR_4622833QC: checks
*** TURN *** [2s 6c 7h] [Jc]
PLR_9141220GK: bets $0.18 
PLR_4622833QC: calls $0.18 
*** RIVER *** [2s 6c 7h Jc] [Qd]
PLR_9141220GK: checks
PLR_4622833QC: checks
*** SHOW DOWN ***
PLR_9141220GK: shows [8h Jh] (a pair of Jacks)
PLR_4622833QC: shows [Kc As] (High Card)
PLR_9141220GK collected $0.7 from pot
PLR_4622833QC: shows [Kc As]
Hero: shows [5d 5s]
PLR_1349111OR: shows [5c 3c]
PLR_5780215GR: shows [Jd Tc]
*** SUMMARY ***
Total pot $0.73 | Rake $0.03
Board [2s 6c 7h Jc Qd]
Seat 1: PLR_9141220GK showed [8h Jh] and won ($0.7) with a pair of Jacks
Seat 2: PLR_4622833QC (button) showed [Kc As]
Seat 3: Hero (small blind) showed [5d 5s]
Seat 4: PLR_1349111OR (big blind) showed [5c 3c]
Seat 5: PLR_5780215GR showed [Jd Tc]



PokerStars Hand #4803367737: Hold'em No Limit ($0.02/$0.05) - 2025/07/11 17:09:12
Table '#35071501' 6-max Seat #3 is the button
Seat 1: PLR_9141220GK ($1.87 in chips)
Seat 2: PLR_4622833QC ($14.04 in chips)
Seat 3: Hero ($7.17 in chips)
Seat 4: PLR_1349111OR ($5.78 in chips)
Seat 5: PLR_5780215GR ($8.14 in chips)
PLR_1349111OR: posts small blind $0.02
PLR_5780215GR: posts big blind $0.05
*** HOLE CARDS ***
Dealt to Hero [Ks 5h]
PLR_9141220GK: calls $0.05 
PLR_4622833QC: calls $0.05 
Hero: calls $0.05 
PLR_1349111OR: folds
PLR_5780215GR: checks
*** FLOP *** [Jc Qh 6s]
PLR_5780215GR: checks
PLR_9141220GK: checks
PLR_4622833QC: checks
Hero: checks
*** TURN *** [Jc Qh 6s] [Td]
PLR_5780215GR: checks
PLR_9141220GK: checks
PLR_4622833QC: bets $0.05 
Hero: calls $0.05 
PLR_5780215GR: calls $0.05 
PLR_9141220GK: calls $0.05 
*** RIVER *** [Jc Qh 6s Td] [5c]
PLR_5780215GR: checks
PLR_9141220GK: checks
PLR_4622833QC: checks
Hero: checks
*** SHOW DOWN ***
PLR_5780215GR: shows [6h Ts] (two pair, Tens and Sixs)
PLR_9141220GK: shows [Ah 6c] (One pair)
PLR_4622833QC: shows [Kh Th] (One pair)
Hero: shows [Ks 5h] (One pair)
PLR_5780215GR collected $0.4 from pot
PLR_9141220GK: shows [Ah 6c]
PLR_4622833QC: shows [Kh Th]
Hero: shows [Ks 5h]
PLR_1349111OR: shows [As 2h]
*** SUMMARY ***
Total pot $0.42 | Rake $0.02
Board [Jc Qh 6s Td 5c]
Seat 1: PLR_9141220GK showed [Ah 6c]
Seat 2: PLR_4622833QC showed [Kh Th]
Seat 3: Hero (button) showed [Ks 5h]
Seat 4: PLR_1349111OR (small blind) showed [As 2h]
Seat 5: PLR_5780215GR (big blind) showed [6h Ts] and won ($0.4) with two pair, Tens and Sixes



PokerStars Hand #4803368109: Hold'em No Limit ($0.02/$0.05) - 2025/07/11 17:10:31
Table '#35071501' 6-max Seat #4 is the button
Seat 1: PLR_9141220GK ($1.77 in chips)
Seat 2: PLR_4622833QC ($13.94 in chips)
Seat 3: Hero ($7.07 in chips)
Seat 4: PLR_1349111OR ($5.76 in chips)
Seat 5: PLR_5780215GR ($8.44 in chips)
PLR_5780215GR: posts small blind $0.02
PLR_9141220GK: posts big blind $0.05
*** HOLE CARDS ***
Dealt to Hero [Qh 9c]
PLR_4622833QC: folds
Hero: folds
PLR_1349111OR: folds
PLR_5780215GR: raises $0.13 to $0.15
PLR_9141220GK: folds
Uncalled bet ($0.10) returned to PLR_5780215GR
PLR_5780215GR: shows [7d Td]
PLR_5780215GR collected $0.1 from pot
PLR_9141220GK: shows [6c 2d]
PLR_4622833QC: shows [2h 6d]
Hero: shows [Qh 9c]
PLR_1349111OR: shows [3d 4s]
*** SUMMARY ***
Total pot $0.1 | Rake $0.00
Seat 1: PLR_9141220GK (big blind) showed [6c 2d]
Seat 2: PLR_4622833QC showed [2h 6d]
Seat 3: Hero showed [Qh 9c]
Seat 4: PLR_1349111OR (button) showed [3d 4s]
Seat 5: PLR_5780215GR (small blind) showed [7d Td] and won ($0.1)



PokerStars Hand #4803368180: Hold'em No Limit ($0.02/$0.05) - 2025/07/11 17:10:44
Table '#35071501' 6-max Seat #5 is the button
Seat 1: PLR_9141220GK ($1.72 in chips)
Seat 3: Hero ($7.07 in chips)
Seat 4: PLR_1349111OR ($5.76 in chips)
Seat 5: PLR_5780215GR ($8.49 in chips)
PLR_9141220GK: posts small blind $0.02
Hero: posts big blind $0.05
*** HOLE CARDS ***
Dealt to Hero [Jd 8d]
PLR_1349111OR: folds
PLR_5780215GR: raises $0.13 to $0.13
PLR_9141220GK: calls $0.11 
Table deposit $5 
Hero: calls $0.08 
*** FLOP *** [4d 3s Ts]
PLR_9141220GK: checks
Hero: checks
PLR_5780215GR: bets $0.18 
PLR_9141220GK: folds
Hero: folds
Uncalled bet ($0.18) returned to PLR_5780215GR
PLR_5780215GR: shows [3h 3d]
PLR_5780215GR collected $0.38 from pot
PLR_9141220GK: shows [Ah 2h]
Hero: shows [Jd 8d]
PLR_1349111OR: shows [6s Tc]
*** SUMMARY ***
Total pot $0.39 | Rake $0.01
Board [4d 3s Ts]
Seat 1: PLR_9141220GK (small blind) showed [Ah 2h]
Seat 3: Hero (big blind) showed [Jd 8d]
Seat 4: PLR_1349111OR showed [6s Tc]
Seat 5: PLR_5780215GR (button) showed [3h 3d] and won ($0.38)



PokerStars Hand #4803368541: Hold'em No Limit ($0.02/$0.05) - 2025/07/11 17:12:01
Table '#35071501' 6-max Seat #1 is the button
Seat 1: PLR_9141220GK ($1.59 in chips)
Seat 3: Hero ($6.94 in chips)
Seat 4: PLR_1349111OR ($5.76 in chips)
Seat 5: PLR_5780215GR ($8.74 in chips)
Hero: posts small blind $0.02
PLR_1349111OR: posts big blind $0.05
*** HOLE CARDS ***
Dealt to Hero [2d 2s]
PLR_5780215GR: folds
PLR_9141220GK: raises $0.15 to $0.15
Hero: calls $0.13 
PLR_1349111OR: calls $0.10 
*** FLOP *** [Ks Qs 4s]
Hero: checks
PLR_1349111OR: checks
PLR_9141220GK: checks
*** TURN *** [Ks Qs 4s] [6d]
Hero: checks
PLR_1349111OR: checks
PLR_9141220GK: bets $0.43 
Hero: folds
PLR_1349111OR: folds
Uncalled bet ($0.43) returned to PLR_9141220GK
PLR_9141220GK: shows [Qh As]
PLR_9141220GK collected $0.43 from pot
Hero: shows [2d 2s]
PLR_1349111OR: shows [5c 5h]
PLR_5780215GR: shows [2h 9h]
*** SUMMARY ***
Total pot $0.45 | Rake $0.02
Board [Ks Qs 4s 6d]
Seat 1: PLR_9141220GK (button) showed [Qh As] and won ($0.43)
Seat 3: Hero (small blind) showed [2d 2s]
Seat 4: PLR_1349111OR (big blind) showed [5c 5h]
Seat 5: PLR_5780215GR showed [2h 9h]



PokerStars Hand #4803368956: Hold'em No Limit ($0.02/$0.05) - 2025/07/11 17:13:32
Table '#35071501' 6-max Seat #3 is the button
Seat 1: PLR_9141220GK ($1.87 in chips)
Seat 3: Hero ($6.79 in chips)
Seat 4: PLR_1349111OR ($5.61 in chips)
Seat 5: PLR_5780215GR ($8.74 in chips)
PLR_1349111OR: posts small blind $0.02
PLR_5780215GR: posts big blind $0.05
*** HOLE CARDS ***
Dealt to Hero [Qh Ad]
PLR_9141220GK: calls $0.05 
Hero: raises $0.25 to $0.25
PLR_1349111OR: folds
PLR_5780215GR: folds
PLR_9141220GK: calls $0.20 
*** FLOP *** [4s 3h Qc]
PLR_9141220GK: checks
Hero: bets $0.28 
PLR_9141220GK: calls $0.28 
*** TURN *** [4s 3h Qc] [Ks]
PLR_9141220GK: checks
Hero: bets $0.81 
PLR_9141220GK: folds
Uncalled bet ($0.81) returned to Hero
Hero: shows [Qh Ad]
Hero collected $1.08 from pot
PLR_9141220GK: shows [6d 4d]
PLR_1349111OR: shows [2s Ts]
PLR_5780215GR: shows [6s Td]
*** SUMMARY ***
Total pot $1.13 | Rake $0.05
Board [4s 3h Qc Ks]
Seat 1: PLR_9141220GK showed [6d 4d]
Seat 3: Hero (button) collected ($1.08)
Seat 4: PLR_1349111OR (small blind) showed [2s Ts]
Seat 5: PLR_5780215GR (big blind) showed [6s Td]



PokerStars Hand #4803369189: Hold'em No Limit ($0.02/$0.05) - 2025/07/11 17:14:20
Table '#35071501' 6-max Seat #4 is the button
Seat 1: PLR_9141220GK ($1.34 in chips)
Seat 3: Hero ($7.34 in chips)
Seat 4: PLR_1349111OR ($5.59 in chips)
Seat 5: PLR_5780215GR ($8.69 in chips)
PLR_5780215GR: posts small blind $0.02
PLR_9141220GK: posts big blind $0.05
*** HOLE CARDS ***
Dealt to Hero [Qh 3s]
Hero: folds
PLR_1349111OR: folds
PLR_5780215GR: raises $0.13 to $0.15
PLR_9141220GK: folds
Uncalled bet ($0.10) returned to PLR_5780215GR
PLR_5780215GR: shows [Jd 6d]
PLR_5780215GR collected $0.1 from pot
PLR_9141220GK: shows [9s 4d]
Hero: shows [Qh 3s]
PLR_1349111OR: shows [4h 7d]
*** SUMMARY ***
Total pot $0.1 | Rake $0.00
Seat 1: PLR_9141220GK (big blind) showed [9s 4d]
Seat 3: Hero showed [Qh 3s]
Seat 4: PLR_1349111OR (button) showed [4h 7d]
Seat 5: PLR_5780215GR (small blind) showed [Jd 6d] and won ($0.1)



PokerStars Hand #4803369303: Hold'em No Limit ($0.02/$0.05) - 2025/07/11 17:14:48
Table '#35071501' 6-max Seat #5 is the button
Seat 1: PLR_9141220GK ($1.29 in chips)
Seat 2: PLR_4379357KK ($5 in chips)
Seat 3: Hero ($7.34 in chips)
Seat 4: PLR_1349111OR ($5.59 in chips)
Seat 5: PLR_5780215GR ($8.74 in chips)
PLR_9141220GK: posts small blind $0.02
PLR_4379357KK: posts big blind $0.05
*** HOLE CARDS ***
Dealt to Hero [6d Jh]
Hero: folds
PLR_1349111OR: folds
PLR_5780215GR: folds
PLR_9141220GK: raises $0.13 to $0.15
PLR_4379357KK: folds
Uncalled bet ($0.10) returned to PLR_9141220GK
PLR_9141220GK: shows [Qd Qh]
PLR_9141220GK collected $0.1 from pot
PLR_4379357KK: shows [9d Ks]
Hero: shows [6d Jh]
PLR_1349111OR: shows [2d 7h]
PLR_5780215GR: shows [9s 5d]
*** SUMMARY ***
Total pot $0.1 | Rake $0.00
Seat 1: PLR_9141220GK (small blind) showed [Qd Qh] and won ($0.1)
Seat 2: PLR_4379357KK (big blind) showed [9d Ks]
Seat 3: Hero showed [6d Jh]
Seat 4: PLR_1349111OR showed [2d 7h]
Seat 5: PLR_5780215GR (button) showed [9s 5d]



PokerStars Hand #4803369456: Hold'em No Limit ($0.02/$0.05) - 2025/07/11 17:15:17
Table '#35071501' 6-max Seat #1 is the button
Seat 1: PLR_9141220GK ($1.34 in chips)
Seat 2: PLR_4379357KK ($4.95 in chips)
Seat 3: Hero ($7.34 in chips)
Seat 4: PLR_1349111OR ($5.59 in chips)
Seat 5: PLR_5780215GR ($8.74 in chips)
PLR_4379357KK: posts small blind $0.02
Hero: posts big blind $0.05
*** HOLE CARDS ***
Dealt to Hero [4c Ah]
PLR_1349111OR: folds
PLR_5780215GR: raises $0.13 to $0.13
PLR_9141220GK: folds
PLR_4379357KK: folds
Hero: folds
Uncalled bet ($0.08) returned to PLR_5780215GR
PLR_5780215GR: shows [Td Tc]
PLR_5780215GR collected $0.12 from pot
PLR_9141220GK: shows [Jd 3h]
PLR_4379357KK: shows [7s 7d]
Hero: shows [4c Ah]
PLR_1349111OR: shows [8c 7h]
*** SUMMARY ***
Total pot $0.12 | Rake $0.00
Seat 1: PLR_9141220GK (button) showed [Jd 3h]
Seat 2: PLR_4379357KK (small blind) showed [7s 7d]
Seat 3: Hero (big blind) showed [4c Ah]
Seat 4: PLR_1349111OR showed [8c 7h]
Seat 5: PLR_5780215GR showed [Td Tc] and won ($0.12)



PokerStars Hand #4803369521: Hold'em No Limit ($0.02/$0.05) - 2025/07/11 17:15:32
Table '#35071501' 6-max Seat #2 is the button
Seat 1: PLR_9141220GK ($1.34 in chips)
Seat 2: PLR_4379357KK ($4.93 in chips)
Seat 3: Hero ($7.29 in chips)
Seat 4: PLR_1349111OR ($5.59 in chips)
Seat 5: PLR_5780215GR ($8.81 in chips)
Hero: posts small blind $0.02
PLR_1349111OR: posts big blind $0.05
*** HOLE CARDS ***
Dealt to Hero [8c 6s]
PLR_5780215GR: folds
PLR_9141220GK: folds 
PLR_4379357KK: folds
Hero: calls $0.03 
PLR_1349111OR: checks
*** FLOP *** [Ks Jh Tc]
Hero: checks
PLR_1349111OR: checks
*** TURN *** [Ks Jh Tc] [8h]
Hero: checks
PLR_1349111OR: checks
*** RIVER *** [Ks Jh Tc 8h] [3h]
Hero: checks
PLR_1349111OR: checks
*** SHOW DOWN ***
Hero: shows [8c 6s] (a pair of Eights)
PLR_1349111OR: shows [9s 2h] (High Card)
Hero collected $0.1 from pot
PLR_9141220GK: shows [7h Kc]
PLR_4379357KK: shows [9c 6h]
PLR_1349111OR: shows [9s 2h]
PLR_5780215GR: shows [8d Qc]
*** SUMMARY ***
Total pot $0.1 | Rake $0.00
Board [Ks Jh Tc 8h 3h]
Seat 1: PLR_9141220GK showed [7h Kc]
Seat 2: PLR_4379357KK (button) showed [9c 6h]
Seat 3: Hero (small blind) showed [8c 6s] and won ($0.1) with a pair of Eights
Seat 4: PLR_1349111OR (big blind) showed [9s 2h]
Seat 5: PLR_5780215GR showed [8d Qc]



PokerStars Hand #4803369803: Hold'em No Limit ($0.02/$0.05) - 2025/07/11 17:16:31
Table '#35071501' 6-max Seat #3 is the button
Seat 1: PLR_9141220GK ($1.34 in chips)
Seat 2: PLR_4379357KK ($4.93 in chips)
Seat 3: Hero ($7.34 in chips)
Seat 4: PLR_1349111OR ($5.54 in chips)
Seat 5: PLR_5780215GR ($8.81 in chips)
PLR_1349111OR: posts small blind $0.02
PLR_5780215GR: posts big blind $0.05
*** HOLE CARDS ***
Dealt to Hero [4c Ah]
PLR_9141220GK: folds
PLR_4379357KK: folds
Hero: raises $0.15 to $0.15
PLR_1349111OR: folds
PLR_5780215GR: folds
Uncalled bet ($0.10) returned to Hero
Hero: shows [4c Ah]
Hero collected $0.12 from pot
PLR_9141220GK: shows [3h 7d]
PLR_4379357KK: shows [4s 8s]
PLR_1349111OR: shows [8h 6c]
PLR_5780215GR: shows [Qs 6h]
*** SUMMARY ***
Total pot $0.12 | Rake $0.00
Seat 1: PLR_9141220GK showed [3h 7d]
Seat 2: PLR_4379357KK showed [4s 8s]
Seat 3: Hero (button) collected ($0.12)
Seat 4: PLR_1349111OR (small blind) showed [8h 6c]
Seat 5: PLR_5780215GR (big blind) showed [Qs 6h]



PokerStars Hand #4803370089: Hold'em No Limit ($0.02/$0.05) - 2025/07/11 17:17:30
Table '#35071501' 6-max Seat #4 is the button
Seat 1: PLR_9141220GK ($1.34 in chips)
Seat 2: PLR_4379357KK ($4.93 in chips)
Seat 3: Hero ($7.41 in chips)
Seat 4: PLR_1349111OR ($5.52 in chips)
Seat 5: PLR_5780215GR ($8.76 in chips)
PLR_5780215GR: posts small blind $0.02
PLR_9141220GK: posts big blind $0.05
*** HOLE CARDS ***
Dealt to Hero [4c 3c]
PLR_4379357KK: folds
Hero: raises $0.15 to $0.15
PLR_1349111OR: calls $0.15 
PLR_5780215GR: raises $0.73 to $0.75
PLR_9141220GK: folds
Hero: folds
PLR_1349111OR: folds
Uncalled bet ($0.60) returned to PLR_5780215GR
PLR_5780215GR: shows [Ah Th]
PLR_5780215GR collected $0.5 from pot
PLR_9141220GK: shows [9d 3h]
PLR_4379357KK: shows [9s 2h]
Hero: shows [4c 3c]
PLR_1349111OR: shows [Qd Js]
*** SUMMARY ***
Total pot $0.5 | Rake $0.00
Seat 1: PLR_9141220GK (big blind) showed [9d 3h]
Seat 2: PLR_4379357KK showed [9s 2h]
Seat 3: Hero showed [4c 3c]
Seat 4: PLR_1349111OR (button) showed [Qd Js]
Seat 5: PLR_5780215GR (small blind) showed [Ah Th] and won ($0.5)



PokerStars Hand #4803370414: Hold'em No Limit ($0.02/$0.05) - 2025/07/11 17:18:36
Table '#35071501' 6-max Seat #5 is the button
Seat 1: PLR_9141220GK ($1.29 in chips)
Seat 2: PLR_4379357KK ($4.93 in chips)
Seat 3: Hero ($7.26 in chips)
Seat 4: PLR_1349111OR ($5.37 in chips)
Seat 5: PLR_5780215GR ($9.11 in chips)
PLR_9141220GK: posts small blind $0.02
PLR_4379357KK: posts big blind $0.05
*** HOLE CARDS ***
Dealt to Hero [8s Ad]
Hero: raises $0.15 to $0.15
PLR_1349111OR: folds
PLR_5780215GR: folds
Table deposit $5 
PLR_9141220GK: folds
PLR_4379357KK: folds
Uncalled bet ($0.10) returned to Hero
Hero: shows [8s Ad]
Hero collected $0.12 from pot
PLR_9141220GK: shows [Kc 3c]
PLR_4379357KK: shows [5s 7c]
PLR_1349111OR: shows [4h Qd]
PLR_5780215GR: shows [8h Js]
*** SUMMARY ***
Total pot $0.12 | Rake $0.00
Seat 1: PLR_9141220GK (small blind) showed [Kc 3c]
Seat 2: PLR_4379357KK (big blind) showed [5s 7c]
Seat 3: Hero collected ($0.12)
Seat 4: PLR_1349111OR showed [4h Qd]
Seat 5: PLR_5780215GR (button) showed [8h Js]



PokerStars Hand #4803370618: Hold'em No Limit ($0.02/$0.05) - 2025/07/11 17:19:18
Table '#35071501' 6-max Seat #1 is the button
Seat 1: PLR_9141220GK ($1.27 in chips)
Seat 2: PLR_4379357KK ($4.88 in chips)
Seat 3: Hero ($7.33 in chips)
Seat 4: PLR_1349111OR ($5.37 in chips)
Seat 5: PLR_5780215GR ($9.11 in chips)
PLR_4379357KK: posts small blind $0.02
Hero: posts big blind $0.05
*** HOLE CARDS ***
Dealt to Hero [As 4s]
PLR_1349111OR: raises $0.15 to $0.15
PLR_5780215GR: folds
PLR_9141220GK: folds
PLR_4379357KK: folds
Hero: calls $0.10 
*** FLOP *** [8c 5s 5h]
Hero: checks
PLR_1349111OR: bets $0.10 
Hero: calls $0.10 
*** TURN *** [8c 5s 5h] [4d]
Hero: checks
PLR_1349111OR: bets $0.20 
Hero: calls $0.20 
*** RIVER *** [8c 5s 5h 4d] [Ac]
Hero: checks
PLR_1349111OR: checks
*** SHOW DOWN ***
Hero: shows [As 4s] (two pair, Aces and Fives)
PLR_1349111OR: shows [3c 3s] (Two pair)
Hero collected $0.88 from pot
PLR_9141220GK: shows [Jc 2h]
PLR_4379357KK: shows [Tc 5c]
PLR_1349111OR: shows [3c 3s]
PLR_5780215GR: shows [Ah 8d]
*** SUMMARY ***
Total pot $0.92 | Rake $0.04
Board [8c 5s 5h 4d Ac]
Seat 1: PLR_9141220GK (button) showed [Jc 2h]
Seat 2: PLR_4379357KK (small blind) showed [Tc 5c]
Seat 3: Hero (big blind) showed [As 4s] and won ($0.88) with two pair, Aces and Fives
Seat 4: PLR_1349111OR showed [3c 3s]
Seat 5: PLR_5780215GR showed [Ah 8d]



PokerStars Hand #4803371030: Hold'em No Limit ($0.02/$0.05) - 2025/07/11 17:20:43
Table '#35071501' 6-max Seat #2 is the button
Seat 1: PLR_9141220GK ($1.27 in chips)
Seat 2: PLR_4379357KK ($4.86 in chips)
Seat 3: Hero ($7.76 in chips)
Seat 4: PLR_1349111OR ($4.92 in chips)
Seat 5: PLR_5780215GR ($9.11 in chips)
Hero: posts small blind $0.02
PLR_1349111OR: posts big blind $0.05
*** HOLE CARDS ***
Dealt to Hero [Qd 8d]
PLR_5780215GR: folds
Table leave user
PLR_9141220GK: folds
PLR_4379357KK: folds
Hero: raises $0.13 to $0.15
PLR_1349111OR: folds
Uncalled bet ($0.10) returned to Hero
Hero: shows [Qd 8d]
Hero collected $0.1 from pot
PLR_9141220GK: shows [6s 3s]
PLR_4379357KK: shows [7c 9d]
PLR_1349111OR: shows [2c Kh]
PLR_5780215GR: shows [8c Jh]
*** SUMMARY ***
Total pot $0.1 | Rake $0.00
Seat 1: PLR_9141220GK showed [6s 3s]
Seat 2: PLR_4379357KK (button) showed [7c 9d]
Seat 3: Hero (small blind) collected ($0.1)
Seat 4: PLR_1349111OR (big blind) showed [2c Kh]
Seat 5: PLR_5780215GR showed [8c Jh]



PokerStars Hand #4803371176: Hold'em No Limit ($0.02/$0.05) - 2025/07/11 17:21:15
Table '#35071501' 6-max Seat #3 is the button
Seat 1: PLR_9141220GK ($1.27 in chips)
Seat 2: PLR_4379357KK ($4.86 in chips)
Seat 3: Hero ($7.81 in chips)
Seat 4: PLR_1349111OR ($4.87 in chips)
Seat 5: PLR_5780215GR ($9.11 in chips)
PLR_1349111OR: posts small blind $0.02
PLR_5780215GR: posts big blind $0.05
*** HOLE CARDS ***
Dealt to Hero [6d 5c]
PLR_9141220GK: folds
PLR_4379357KK: folds
Hero: folds
PLR_1349111OR: folds
PLR_5780215GR: shows [4c Qh]
Uncalled bet ($0.03) returned to PLR_5780215GR
PLR_5780215GR collected $0.04 from pot
PLR_9141220GK: shows [6c Td]
PLR_4379357KK: shows [8h 9c]
Hero: shows [6d 5c]
PLR_1349111OR: shows [4s 9h]
*** SUMMARY ***
Total pot $0.04 | Rake $0.00
Seat 1: PLR_9141220GK showed [6c Td]
Seat 2: PLR_4379357KK showed [8h 9c]
Seat 3: Hero (button) showed [6d 5c]
Seat 4: PLR_1349111OR (small blind) showed [4s 9h]
Seat 5: PLR_5780215GR (big blind) showed [4c Qh] and won ($0.04)



PokerStars Hand #4803371251: Hold'em No Limit ($0.02/$0.05) - 2025/07/11 17:21:30
Table '#35071501' 6-max Seat #4 is the button
Seat 1: PLR_9141220GK ($1.27 in chips)
Seat 2: PLR_4379357KK ($4.86 in chips)
Seat 3: Hero ($7.81 in chips)
Seat 4: PLR_1349111OR ($4.85 in chips)
Seat 5: PLR_5780215GR ($9.13 in chips)
Seat 6: PLR_9423814NG ($5 in chips)
PLR_5780215GR: posts small blind $0.02
PLR_9423814NG: posts big blind $0.05
*** HOLE CARDS ***
Dealt to Hero [Kc Jc]
PLR_9141220GK: folds
PLR_4379357KK: folds
Hero: raises $0.15 to $0.15
PLR_1349111OR: raises $0.45 to $0.45
PLR_5780215GR: folds
PLR_9423814NG: folds 
Hero: calls $0.30 
*** FLOP *** [Ad 9d 4c]
Hero: checks
PLR_1349111OR: bets $0.31 
Hero: folds
Uncalled bet ($0.31) returned to PLR_1349111OR
PLR_1349111OR: shows [3c Ac]
PLR_1349111OR collected $0.93 from pot
PLR_9141220GK: shows [9c 2d]
PLR_4379357KK: shows [6s 3d]
Hero: shows [Kc Jc]
PLR_5780215GR: shows [Tc 4h]
PLR_9423814NG: shows [7h Qs]
*** SUMMARY ***
Total pot $0.97 | Rake $0.04
Board [Ad 9d 4c]
Seat 1: PLR_9141220GK showed [9c 2d]
Seat 2: PLR_4379357KK showed [6s 3d]
Seat 3: Hero showed [Kc Jc]
Seat 4: PLR_1349111OR (button) showed [3c Ac] and won ($0.93)
Seat 5: PLR_5780215GR (small blind) showed [Tc 4h]
Seat 6: PLR_9423814NG (big blind) showed [7h Qs]



PokerStars Hand #4803371730: Hold'em No Limit ($0.02/$0.05) - 2025/07/11 17:23:12
Table '#35071501' 6-max Seat #5 is the button
Seat 1: PLR_9141220GK ($1.27 in chips)
Seat 2: PLR_4379357KK ($4.86 in chips)
Seat 3: Hero ($7.36 in chips)
Seat 4: PLR_1349111OR ($5.33 in chips)
Seat 5: PLR_5780215GR ($9.11 in chips)
PLR_9141220GK: posts big blind $0.05
*** HOLE CARDS ***
Dealt to Hero [6d Ts]
PLR_4379357KK: folds
Hero: folds
PLR_1349111OR: folds
PLR_5780215GR: folds
Uncalled bet ($0.05) returned to PLR_9141220GK
PLR_9141220GK: shows [Qc 9s]
PLR_4379357KK: shows [Kc 8d]
Hero: shows [6d Ts]
PLR_1349111OR: shows [Jd 5d]
PLR_5780215GR: shows [6c 3h]
*** SUMMARY ***
Total pot $-0.03 | Rake $0.00
Seat 1: PLR_9141220GK (big blind) showed [Qc 9s]
Seat 2: PLR_4379357KK showed [Kc 8d]
Seat 3: Hero showed [6d Ts]
Seat 4: PLR_1349111OR showed [Jd 5d]
Seat 5: PLR_5780215GR (button) showed [6c 3h]



PokerStars Hand #4803371851: Hold'em No Limit ($0.02/$0.05) - 2025/07/11 17:23:38
Table '#35071501' 6-max Seat #5 is the button
Seat 1: PLR_9141220GK ($1.27 in chips)
Seat 2: PLR_4379357KK ($4.86 in chips)
Seat 3: Hero ($7.36 in chips)
Seat 4: PLR_1349111OR ($5.33 in chips)
Seat 5: PLR_5780215GR ($9.11 in chips)
Set dealer
PLR_9141220GK: posts small blind $0.02
PLR_4379357KK: posts big blind $0.05
*** HOLE CARDS ***
Dealt to Hero [6s 5d]
Hero: folds
PLR_1349111OR: folds
PLR_5780215GR: raises $0.13 to $0.13
PLR_9141220GK: folds
PLR_4379357KK: folds
Uncalled bet ($0.08) returned to PLR_5780215GR
PLR_5780215GR: shows [Tc Jc]
PLR_5780215GR collected $0.12 from pot
PLR_9141220GK: shows [6d 2h]
PLR_4379357KK: shows [5h 3d]
Hero: shows [6s 5d]
PLR_1349111OR: shows [Ks 6c]
*** SUMMARY ***
Total pot $0.12 | Rake $0.00
Seat 1: PLR_9141220GK (small blind) showed [6d 2h]
Seat 2: PLR_4379357KK (big blind) showed [5h 3d]
Seat 3: Hero showed [6s 5d]
Seat 4: PLR_1349111OR showed [Ks 6c]
Seat 5: PLR_5780215GR (button) showed [Tc Jc] and won ($0.12)



PokerStars Hand #4803371912: Hold'em No Limit ($0.02/$0.05) - 2025/07/11 17:23:52
Table '#35071501' 6-max Seat #1 is the button
Seat 1: PLR_9141220GK ($1.25 in chips)
Seat 2: PLR_4379357KK ($4.81 in chips)
Seat 3: Hero ($7.36 in chips)
Seat 4: PLR_1349111OR ($5.33 in chips)
Seat 5: PLR_5780215GR ($9.18 in chips)
PLR_4379357KK: posts small blind $0.02
Hero: posts big blind $0.05
*** HOLE CARDS ***
Dealt to Hero [8d 6d]
PLR_1349111OR: folds
PLR_5780215GR: folds
PLR_9141220GK: folds 
PLR_4379357KK: raises $0.16 to $0.18
Hero: calls $0.13 
*** FLOP *** [6c Th 8s]
PLR_4379357KK: checks
Hero: bets $0.18 
PLR_4379357KK: folds
Uncalled bet ($0.18) returned to Hero
Hero: shows [8d 6d]
Hero collected $0.35 from pot
PLR_9141220GK: shows [4s 7d]
PLR_4379357KK: shows [9c As]
PLR_1349111OR: shows [3d 4c]
PLR_5780215GR: shows [5s 3s]
*** SUMMARY ***
Total pot $0.36 | Rake $0.01
Board [6c Th 8s]
Seat 1: PLR_9141220GK (button) showed [4s 7d]
Seat 2: PLR_4379357KK (small blind) showed [9c As]
Seat 3: Hero (big blind) collected ($0.35)
Seat 4: PLR_1349111OR showed [3d 4c]
Seat 5: PLR_5780215GR showed [5s 3s]



PokerStars Hand #4803372218: Hold'em No Limit ($0.02/$0.05) - 2025/07/11 17:24:55
Table '#35071501' 6-max Seat #2 is the button
Seat 1: PLR_9141220GK ($1.25 in chips)
Seat 2: PLR_4379357KK ($4.63 in chips)
Seat 3: Hero ($7.53 in chips)
Seat 4: PLR_1349111OR ($5.33 in chips)
Hero: posts small blind $0.02
PLR_1349111OR: posts big blind $0.05
*** HOLE CARDS ***
Dealt to Hero [Jd 4h]
PLR_9141220GK: folds 
Table deposit $1.50 
PLR_4379357KK: raises $0.15 to $0.15
Hero: folds
PLR_1349111OR: folds
Uncalled bet ($0.10) returned to PLR_4379357KK
PLR_4379357KK: shows [Kc Ts]
PLR_4379357KK collected $0.12 from pot
PLR_9141220GK: shows [3c 8s]
Hero: shows [Jd 4h]
PLR_1349111OR: shows [6d 3h]
*** SUMMARY ***
Total pot $0.12 | Rake $0.00
Seat 1: PLR_9141220GK showed [3c 8s]
Seat 2: PLR_4379357KK (button) showed [Kc Ts] and won ($0.12)
Seat 3: Hero (small blind) showed [Jd 4h]
Seat 4: PLR_1349111OR (big blind) showed [6d 3h]



PokerStars Hand #4803372521: Hold'em No Limit ($0.02/$0.05) - 2025/07/11 17:25:59
Table '#35071501' 6-max Seat #3 is the button
Seat 2: PLR_4379357KK ($4.70 in chips)
Seat 3: Hero ($7.51 in chips)
Seat 4: PLR_1349111OR ($5.28 in chips)
Seat 5: PLR_6032773OX ($1.50 in chips)
PLR_1349111OR: posts small blind $0.02
PLR_6032773OX: posts big blind $0.05
*** HOLE CARDS ***
Dealt to Hero [8h Jh]
PLR_4379357KK: folds
Hero: raises $0.15 to $0.15
PLR_1349111OR: folds
PLR_6032773OX: folds 
Uncalled bet ($0.10) returned to Hero
Hero: shows [8h Jh]
Hero collected $0.12 from pot
PLR_4379357KK: shows [2d 7h]
PLR_1349111OR: shows [5h 9d]
PLR_6032773OX: shows [Tc As]
*** SUMMARY ***
Total pot $0.12 | Rake $0.00
Seat 2: PLR_4379357KK showed [2d 7h]
Seat 3: Hero (button) collected ($0.12)
Seat 4: PLR_1349111OR (small blind) showed [5h 9d]
Seat 5: PLR_6032773OX (big blind) showed [Tc As]



PokerStars Hand #4803372768: Hold'em No Limit ($0.02/$0.05) - 2025/07/11 17:26:55
Table '#35071501' 6-max Seat #4 is the button
Seat 2: PLR_4379357KK ($4.70 in chips)
Seat 3: Hero ($7.58 in chips)
Seat 4: PLR_1349111OR ($5.26 in chips)
Seat 5: PLR_6032773OX ($1.45 in chips)
Seat 6: PLR_9423814NG ($4.95 in chips)
PLR_6032773OX: posts small blind $0.02
PLR_9423814NG: posts big blind $0.05
*** HOLE CARDS ***
Dealt to Hero [8h Jh]
PLR_4379357KK: folds
Hero: raises $0.15 to $0.15
PLR_1349111OR: raises $0.45 to $0.45
PLR_6032773OX: folds
PLR_9423814NG: folds
Hero: folds
Uncalled bet ($0.30) returned to PLR_1349111OR
PLR_1349111OR: shows [Kc Ah]
PLR_1349111OR collected $0.37 from pot
PLR_4379357KK: shows [6s Kd]
Hero: shows [8h Jh]
PLR_6032773OX: shows [8d Qs]
PLR_9423814NG: shows [7c 3d]
*** SUMMARY ***
Total pot $0.37 | Rake $0.00
Seat 2: PLR_4379357KK showed [6s Kd]
Seat 3: Hero showed [8h Jh]
Seat 4: PLR_1349111OR (button) showed [Kc Ah] and won ($0.37)
Seat 5: PLR_6032773OX (small blind) showed [8d Qs]
Seat 6: PLR_9423814NG (big blind) showed [7c 3d]



PokerStars Hand #4803372926: Hold'em No Limit ($0.02/$0.05) - 2025/07/11 17:27:32
Table '#35071501' 6-max Seat #5 is the button
Seat 2: PLR_4379357KK ($4.70 in chips)
Seat 3: Hero ($7.43 in chips)
Seat 4: PLR_1349111OR ($5.48 in chips)
Seat 5: PLR_6032773OX ($1.43 in chips)
Seat 6: PLR_9423814NG ($4.90 in chips)
PLR_9423814NG: posts small blind $0.02
PLR_4379357KK: posts big blind $0.05
*** HOLE CARDS ***
Dealt to Hero [As 8s]
Hero: raises $0.15 to $0.15
PLR_1349111OR: folds
PLR_6032773OX: raises $0.52 to $0.52
PLR_9423814NG: folds
PLR_4379357KK: folds
Hero: calls $0.37 
*** FLOP *** [7s Tc Ks]
Hero: checks
PLR_6032773OX: bets $0.30 
Hero: raises $0.60 to $0.60
PLR_6032773OX: raises $0.31 to $0.91 and is all-in
Hero: calls $0.31 
*** TURN *** [7s Tc Ks] [4h]
*** RIVER *** [7s Tc Ks 4h] [4d]
*** SHOW DOWN ***
Hero: shows [As 8s] (a pair of Fours)
PLR_6032773OX: shows [Ad Kh] (two pair, Kings and Fours)
PLR_6032773OX collected $2.79 from pot
PLR_4379357KK: shows [3h 4c]
PLR_1349111OR: shows [6s 7c]
PLR_9423814NG: shows [9c 5s]
*** SUMMARY ***
Total pot $2.93 | Rake $0.14
Board [7s Tc Ks 4h 4d]
Seat 2: PLR_4379357KK (big blind) showed [3h 4c]
Seat 3: Hero showed [As 8s] and lost with a pair of Fours
Seat 4: PLR_1349111OR showed [6s 7c]
Seat 5: PLR_6032773OX (button) showed [Ad Kh] and won ($2.79) with two pair, Kings and Fours
Seat 6: PLR_9423814NG (small blind) showed [9c 5s]



PokerStars Hand #4803373189: Hold'em No Limit ($0.02/$0.05) - 2025/07/11 17:28:30
Table '#35071501' 6-max Seat #6 is the button
Seat 2: PLR_4379357KK ($4.65 in chips)
Seat 3: Hero ($6 in chips)
Seat 4: PLR_1349111OR ($5.48 in chips)
Seat 5: PLR_6032773OX ($2.79 in chips)
Seat 6: PLR_9423814NG ($4.88 in chips)
PLR_4379357KK: posts small blind $0.02
Hero: posts big blind $0.05
*** HOLE CARDS ***
Dealt to Hero [8d 8c]
PLR_1349111OR: calls $0.05 
PLR_6032773OX: folds
PLR_9423814NG: folds
PLR_4379357KK: folds
Hero: raises $0.10 to $0.15
PLR_1349111OR: calls $0.10 
*** FLOP *** [Kh 9s 5h]
Hero: checks
PLR_1349111OR: checks
*** TURN *** [Kh 9s 5h] [Ks]
Hero: checks
PLR_1349111OR: checks
*** RIVER *** [Kh 9s 5h Ks] [Ah]
Hero: checks
PLR_1349111OR: bets $0.23 
Hero: folds
Uncalled bet ($0.23) returned to PLR_1349111OR
PLR_1349111OR: shows [4h 2h]
PLR_1349111OR collected $0.31 from pot
PLR_4379357KK: shows [6d Ac]
Hero: shows [8d 8c]
PLR_6032773OX: shows [2d Jd]
PLR_9423814NG: shows [7d Kd]
*** SUMMARY ***
Total pot $0.32 | Rake $0.01
Board [Kh 9s 5h Ks Ah]
Seat 2: PLR_4379357KK (small blind) showed [6d Ac]
Seat 3: Hero (big blind) showed [8d 8c]
Seat 4: PLR_1349111OR showed [4h 2h] and won ($0.31)
Seat 5: PLR_6032773OX showed [2d Jd]
Seat 6: PLR_9423814NG (button) showed [7d Kd]



PokerStars Hand #4803373419: Hold'em No Limit ($0.02/$0.05) - 2025/07/11 17:29:17
Table '#35071501' 6-max Seat #2 is the button
Seat 2: PLR_4379357KK ($4.63 in chips)
Seat 3: Hero ($5.85 in chips)
Seat 4: PLR_1349111OR ($5.64 in chips)
Seat 5: PLR_6032773OX ($2.79 in chips)
Seat 6: PLR_9423814NG ($4.88 in chips)
Hero: posts small blind $0.02
PLR_1349111OR: posts big blind $0.05
*** HOLE CARDS ***
Dealt to Hero [Kd 5h]
PLR_6032773OX: folds
PLR_9423814NG: folds
PLR_4379357KK: raises $0.15 to $0.15
Hero: folds
PLR_1349111OR: folds
Uncalled bet ($0.10) returned to PLR_4379357KK
PLR_4379357KK: shows [Qd 3d]
PLR_4379357KK collected $0.12 from pot
Hero: shows [Kd 5h]
PLR_1349111OR: shows [2c 8s]
PLR_6032773OX: shows [4h 4c]
PLR_9423814NG: shows [5d 8c]
*** SUMMARY ***
Total pot $0.12 | Rake $0.00
Seat 2: PLR_4379357KK (button) showed [Qd 3d] and won ($0.12)
Seat 3: Hero (small blind) showed [Kd 5h]
Seat 4: PLR_1349111OR (big blind) showed [2c 8s]
Seat 5: PLR_6032773OX showed [4h 4c]
Seat 6: PLR_9423814NG showed [5d 8c]



PokerStars Hand #4803373553: Hold'em No Limit ($0.02/$0.05) - 2025/07/11 17:29:46
Table '#35071501' 6-max Seat #3 is the button
Seat 2: PLR_4379357KK ($4.70 in chips)
Seat 3: Hero ($5.83 in chips)
Seat 4: PLR_1349111OR ($5.59 in chips)
Seat 6: PLR_9423814NG ($4.88 in chips)
PLR_1349111OR: posts small blind $0.02
PLR_9423814NG: posts big blind $0.05
*** HOLE CARDS ***
Dealt to Hero [6h Ks]
PLR_4379357KK: folds
Hero: folds
PLR_1349111OR: folds
PLR_9423814NG: shows [3s Jh]
Uncalled bet ($0.03) returned to PLR_9423814NG
PLR_9423814NG collected $0.04 from pot
PLR_4379357KK: shows [Qh 8d]
Hero: shows [6h Ks]
PLR_1349111OR: shows [7c Kd]
*** SUMMARY ***
Total pot $0.04 | Rake $0.00
Seat 2: PLR_4379357KK showed [Qh 8d]
Seat 3: Hero (button) showed [6h Ks]
Seat 4: PLR_1349111OR (small blind) showed [7c Kd]
Seat 6: PLR_9423814NG (big blind) showed [3s Jh] and won ($0.04)



PokerStars Hand #4803373742: Hold'em No Limit ($0.02/$0.05) - 2025/07/11 17:30:25
Table '#35071501' 6-max Seat #4 is the button
Seat 2: PLR_4379357KK ($4.70 in chips)
Seat 3: Hero ($5.83 in chips)
Seat 4: PLR_1349111OR ($5.57 in chips)
Seat 6: PLR_9423814NG ($4.90 in chips)
PLR_9423814NG: posts small blind $0.02
PLR_4379357KK: posts big blind $0.05
*** HOLE CARDS ***
Dealt to Hero [Ac 5h]
Hero: calls $0.05 
PLR_1349111OR: folds
Table deposit $2 
PLR_9423814NG: calls $0.03 
PLR_4379357KK: raises $0.30 to $0.35
Hero: folds
PLR_9423814NG: calls $0.30 
*** FLOP *** [7d 9h Qh]
PLR_9423814NG: checks
PLR_4379357KK: bets $0.24 
PLR_9423814NG: raises $0.60 to $0.60
PLR_4379357KK: folds
Uncalled bet ($0.36) returned to PLR_9423814NG
PLR_9423814NG: shows [Th 8h]
PLR_9423814NG collected $1.17 from pot
PLR_4379357KK: shows [Kc Ad]
Hero: shows [Ac 5h]
PLR_1349111OR: shows [Ks 5d]
*** SUMMARY ***
Total pot $1.23 | Rake $0.06
Board [7d 9h Qh]
Seat 2: PLR_4379357KK (big blind) showed [Kc Ad]
Seat 3: Hero showed [Ac 5h]
Seat 4: PLR_1349111OR (button) showed [Ks 5d]
Seat 6: PLR_9423814NG (small blind) showed [Th 8h] and won ($1.17)



PokerStars Hand #4803374114: Hold'em No Limit ($0.02/$0.05) - 2025/07/11 17:31:42
Table '#35071501' 6-max Seat #6 is the button
Seat 2: PLR_4379357KK ($4.11 in chips)
Seat 3: Hero ($5.78 in chips)
Seat 4: PLR_1349111OR ($5.57 in chips)
Seat 5: PLR_6032773OX ($2 in chips)
Seat 6: PLR_9423814NG ($5.48 in chips)
PLR_4379357KK: posts small blind $0.02
Hero: posts big blind $0.05
PLR_6032773OX: posts big blind $0.05
*** HOLE CARDS ***
Dealt to Hero [Ad Ks]
PLR_1349111OR: calls $0.05 
PLR_6032773OX: checks
PLR_9423814NG: folds
PLR_4379357KK: folds
Hero: raises $0.10 to $0.15
PLR_1349111OR: calls $0.10 
PLR_6032773OX: folds
*** FLOP *** [Qs 4h Kd]
Hero: bets $0.18 
PLR_1349111OR: folds
Uncalled bet ($0.18) returned to Hero
Hero: shows [Ad Ks]
Hero collected $0.36 from pot
PLR_4379357KK: shows [3c 6h]
PLR_1349111OR: shows [2c 5c]
PLR_6032773OX: shows [Qh 6s]
PLR_9423814NG: shows [3h 8c]
*** SUMMARY ***
Total pot $0.37 | Rake $0.01
Board [Qs 4h Kd]
Seat 2: PLR_4379357KK (small blind) showed [3c 6h]
Seat 3: Hero (big blind) collected ($0.36)
Seat 4: PLR_1349111OR showed [2c 5c]
Seat 5: PLR_6032773OX showed [Qh 6s]
Seat 6: PLR_9423814NG (button) showed [3h 8c]



PokerStars Hand #4803374273: Hold'em No Limit ($0.02/$0.05) - 2025/07/11 17:32:16
Table '#35071501' 6-max Seat #2 is the button
Seat 2: PLR_4379357KK ($4.09 in chips)
Seat 3: Hero ($5.99 in chips)
Seat 4: PLR_1349111OR ($5.42 in chips)
Seat 5: PLR_6032773OX ($1.95 in chips)
Seat 6: PLR_9423814NG ($5.48 in chips)
Hero: posts small blind $0.02
PLR_1349111OR: posts big blind $0.05
*** HOLE CARDS ***
Dealt to Hero [8h 7c]
PLR_6032773OX: folds
PLR_9423814NG: folds
PLR_4379357KK: raises $0.15 to $0.15
Hero: folds
PLR_1349111OR: folds
Uncalled bet ($0.10) returned to PLR_4379357KK
PLR_4379357KK: shows [9c Qc]
PLR_4379357KK collected $0.12 from pot
Hero: shows [8h 7c]
PLR_1349111OR: shows [Qs 8s]
PLR_6032773OX: shows [7h 5d]
PLR_9423814NG: shows [3c 7s]
*** SUMMARY ***
Total pot $0.12 | Rake $0.00
Seat 2: PLR_4379357KK (button) showed [9c Qc] and won ($0.12)
Seat 3: Hero (small blind) showed [8h 7c]
Seat 4: PLR_1349111OR (big blind) showed [Qs 8s]
Seat 5: PLR_6032773OX showed [7h 5d]
Seat 6: PLR_9423814NG showed [3c 7s]



PokerStars Hand #4803374387: Hold'em No Limit ($0.02/$0.05) - 2025/07/11 17:32:43
Table '#35071501' 6-max Seat #3 is the button
Seat 2: PLR_4379357KK ($5 in chips)
Seat 3: Hero ($5.97 in chips)
Seat 4: PLR_1349111OR ($5.37 in chips)
Seat 5: PLR_6032773OX ($1.95 in chips)
Seat 6: PLR_9423814NG ($5.48 in chips)
PLR_1349111OR: posts small blind $0.02
PLR_6032773OX: posts big blind $0.05
*** HOLE CARDS ***
Dealt to Hero [7c 8h]
PLR_9423814NG: folds
PLR_4379357KK: folds
Hero: raises $0.15 to $0.15
PLR_1349111OR: raises $0.58 to $0.60
PLR_6032773OX: folds
Hero: folds
Uncalled bet ($0.45) returned to PLR_1349111OR
PLR_1349111OR: shows [9c Jc]
PLR_1349111OR collected $0.35 from pot
PLR_4379357KK: shows [4d Kh]
Hero: shows [7c 8h]
PLR_6032773OX: shows [9s Ad]
PLR_9423814NG: shows [8c Td]
*** SUMMARY ***
Total pot $0.35 | Rake $0.00
Seat 2: PLR_4379357KK showed [4d Kh]
Seat 3: Hero (button) showed [7c 8h]
Seat 4: PLR_1349111OR (small blind) showed [9c Jc] and won ($0.35)
Seat 5: PLR_6032773OX (big blind) showed [9s Ad]
Seat 6: PLR_9423814NG showed [8c Td]



PokerStars Hand #4803374559: Hold'em No Limit ($0.02/$0.05) - 2025/07/11 17:33:20
Table '#35071501' 6-max Seat #4 is the button
Seat 2: PLR_4379357KK ($5 in chips)
Seat 3: Hero ($5.82 in chips)
Seat 4: PLR_1349111OR ($5.57 in chips)
Seat 5: PLR_6032773OX ($1.90 in chips)
Seat 6: PLR_9423814NG ($5.48 in chips)
PLR_6032773OX: posts small blind $0.02
PLR_9423814NG: posts big blind $0.05
*** HOLE CARDS ***
Dealt to Hero [Qc 8s]
PLR_4379357KK: folds
Hero: folds
PLR_1349111OR: raises $0.15 to $0.15
PLR_6032773OX: folds 
PLR_9423814NG: raises $0.50 to $0.55
PLR_1349111OR: folds
Uncalled bet ($0.40) returned to PLR_9423814NG
PLR_9423814NG: shows [Js As]
PLR_9423814NG collected $0.32 from pot
PLR_4379357KK: shows [5d Qd]
Hero: shows [Qc 8s]
PLR_1349111OR: shows [3d Ac]
PLR_6032773OX: shows [7h 2c]
*** SUMMARY ***
Total pot $0.32 | Rake $0.00
Seat 2: PLR_4379357KK showed [5d Qd]
Seat 3: Hero showed [Qc 8s]
Seat 4: PLR_1349111OR (button) showed [3d Ac]
Seat 5: PLR_6032773OX (small blind) showed [7h 2c]
Seat 6: PLR_9423814NG (big blind) showed [Js As] and won ($0.32)



PokerStars Hand #4803374800: Hold'em No Limit ($0.02/$0.05) - 2025/07/11 17:34:13
Table '#35071501' 6-max Seat #4 is the button
Seat 2: PLR_4379357KK ($5 in chips)
Seat 3: Hero ($5.82 in chips)
Seat 4: PLR_1349111OR ($5.42 in chips)
Seat 6: PLR_9423814NG ($5.65 in chips)
Set dealer
PLR_9423814NG: posts small blind $0.02
PLR_4379357KK: posts big blind $0.05
*** HOLE CARDS ***
Dealt to Hero [7s Kh]
Hero: folds
PLR_1349111OR: folds
PLR_9423814NG: folds
PLR_4379357KK: shows [6h 8h]
Uncalled bet ($0.03) returned to PLR_4379357KK
PLR_4379357KK collected $0.04 from pot
Hero: shows [7s Kh]
PLR_1349111OR: shows [9s Ah]
PLR_9423814NG: shows [8c Qh]
*** SUMMARY ***
Total pot $0.04 | Rake $0.00
Seat 2: PLR_4379357KK (big blind) showed [6h 8h] and won ($0.04)
Seat 3: Hero showed [7s Kh]
Seat 4: PLR_1349111OR (button) showed [9s Ah]
Seat 6: PLR_9423814NG (small blind) showed [8c Qh]



PokerStars Hand #4803374848: Hold'em No Limit ($0.02/$0.05) - 2025/07/11 17:34:23
Table '#35071501' 6-max Seat #6 is the button
Seat 2: PLR_4379357KK ($5.02 in chips)
Seat 3: Hero ($5.82 in chips)
Seat 4: PLR_1349111OR ($5.42 in chips)
Seat 6: PLR_9423814NG ($5.63 in chips)
PLR_4379357KK: posts small blind $0.02
Hero: posts big blind $0.05
*** HOLE CARDS ***
Dealt to Hero [2h 9s]
PLR_1349111OR: raises $0.15 to $0.15
PLR_9423814NG: folds
PLR_4379357KK: folds
Hero: folds
Uncalled bet ($0.10) returned to PLR_1349111OR
PLR_1349111OR: shows [As Td]
PLR_1349111OR collected $0.12 from pot
PLR_4379357KK: shows [8h Jh]
Hero: shows [2h 9s]
PLR_9423814NG: shows [3c Kc]
*** SUMMARY ***
Total pot $0.12 | Rake $0.00
Seat 2: PLR_4379357KK (small blind) showed [8h Jh]
Seat 3: Hero (big blind) showed [2h 9s]
Seat 4: PLR_1349111OR showed [As Td] and won ($0.12)
Seat 6: PLR_9423814NG (button) showed [3c Kc]



PokerStars Hand #4803374933: Hold'em No Limit ($0.02/$0.05) - 2025/07/11 17:34:41
Table '#35071501' 6-max Seat #2 is the button
Seat 2: PLR_4379357KK ($5 in chips)
Seat 3: Hero ($5.77 in chips)
Seat 4: PLR_1349111OR ($5.49 in chips)
Seat 6: PLR_9423814NG ($5.63 in chips)
Hero: posts small blind $0.02
PLR_1349111OR: posts big blind $0.05
*** HOLE CARDS ***
Dealt to Hero [4d Qc]
PLR_9423814NG: folds
PLR_4379357KK: folds
Hero: calls $0.03 
PLR_1349111OR: checks
*** FLOP *** [Jc 2d 5c]
Hero: checks
PLR_1349111OR: checks
*** TURN *** [Jc 2d 5c] [Jh]
Hero: checks
PLR_1349111OR: checks
*** RIVER *** [Jc 2d 5c Jh] [7c]
Hero: checks
PLR_1349111OR: bets $0.10 
Hero: folds
Uncalled bet ($0.10) returned to PLR_1349111OR
PLR_1349111OR: shows [6d 3s]
PLR_1349111OR collected $0.1 from pot
PLR_4379357KK: shows [Kd 2h]
Hero: shows [4d Qc]
PLR_9423814NG: shows [9d Qh]
*** SUMMARY ***
Total pot $0.1 | Rake $0.00
Board [Jc 2d 5c Jh 7c]
Seat 2: PLR_4379357KK (button) showed [Kd 2h]
Seat 3: Hero (small blind) showed [4d Qc]
Seat 4: PLR_1349111OR (big blind) showed [6d 3s] and won ($0.1)
Seat 6: PLR_9423814NG showed [9d Qh]



PokerStars Hand #4803375157: Hold'em No Limit ($0.02/$0.05) - 2025/07/11 17:35:28
Table '#35071501' 6-max Seat #3 is the button
Seat 2: PLR_4379357KK ($5 in chips)
Seat 3: Hero ($5.72 in chips)
Seat 4: PLR_1349111OR ($5.54 in chips)
Seat 6: PLR_9423814NG ($5.63 in chips)
PLR_1349111OR: posts small blind $0.02
PLR_9423814NG: posts big blind $0.05
*** HOLE CARDS ***
Dealt to Hero [As Tc]
PLR_4379357KK: folds
Hero: raises $0.15 to $0.15
PLR_1349111OR: folds
PLR_9423814NG: raises $0.45 to $0.50
Hero: calls $0.35 
*** FLOP *** [7d Ah 9h]
PLR_9423814NG: checks
Hero: bets $0.73 
PLR_9423814NG: folds
Uncalled bet ($0.73) returned to Hero
Hero: shows [As Tc]
Hero collected $0.97 from pot
PLR_4379357KK: shows [5c Qs]
PLR_1349111OR: shows [9s 3c]
PLR_9423814NG: shows [Td Th]
*** SUMMARY ***
Total pot $1.02 | Rake $0.05
Board [7d Ah 9h]
Seat 2: PLR_4379357KK showed [5c Qs]
Seat 3: Hero (button) collected ($0.97)
Seat 4: PLR_1349111OR (small blind) showed [9s 3c]
Seat 6: PLR_9423814NG (big blind) showed [Td Th]



PokerStars Hand #4803375433: Hold'em No Limit ($0.02/$0.05) - 2025/07/11 17:36:27
Table '#35071501' 6-max Seat #4 is the button
Seat 2: PLR_4379357KK ($5 in chips)
Seat 3: Hero ($6.19 in chips)
Seat 4: PLR_1349111OR ($5.52 in chips)
Seat 6: PLR_9423814NG ($5.13 in chips)
PLR_9423814NG: posts small blind $0.02
PLR_4379357KK: posts big blind $0.05
*** HOLE CARDS ***
Dealt to Hero [4s 2s]
Hero: folds
PLR_1349111OR: folds
PLR_9423814NG: raises $0.13 to $0.15
PLR_4379357KK: folds
Uncalled bet ($0.10) returned to PLR_9423814NG
PLR_9423814NG: shows [9s As]
PLR_9423814NG collected $0.1 from pot
PLR_4379357KK: shows [Jd 5h]
Hero: shows [4s 2s]
PLR_1349111OR: shows [6c Ts]
*** SUMMARY ***
Total pot $0.1 | Rake $0.00
Seat 2: PLR_4379357KK (big blind) showed [Jd 5h]
Seat 3: Hero showed [4s 2s]
Seat 4: PLR_1349111OR (button) showed [6c Ts]
Seat 6: PLR_9423814NG (small blind) showed [9s As] and won ($0.1)



PokerStars Hand #4803375571: Hold'em No Limit ($0.02/$0.05) - 2025/07/11 17:36:56
Table '#35071501' 6-max Seat #6 is the button
Seat 2: PLR_4379357KK ($4.95 in chips)
Seat 3: Hero ($6.19 in chips)
Seat 4: PLR_1349111OR ($5.52 in chips)
Seat 6: PLR_9423814NG ($5.18 in chips)
PLR_4379357KK: posts small blind $0.02
Hero: posts big blind $0.05
*** HOLE CARDS ***
Dealt to Hero [7s Kh]
PLR_1349111OR: raises $0.15 to $0.15
PLR_9423814NG: folds
PLR_4379357KK: folds
Hero: folds
Uncalled bet ($0.10) returned to PLR_1349111OR
PLR_1349111OR: shows [5d Ad]
PLR_1349111OR collected $0.12 from pot
PLR_4379357KK: shows [8c 8d]
Hero: shows [7s Kh]
PLR_9423814NG: shows [4d 8s]
*** SUMMARY ***
Total pot $0.12 | Rake $0.00
Seat 2: PLR_4379357KK (small blind) showed [8c 8d]
Seat 3: Hero (big blind) showed [7s Kh]
Seat 4: PLR_1349111OR showed [5d Ad] and won ($0.12)
Seat 6: PLR_9423814NG (button) showed [4d 8s]



PokerStars Hand #4803375700: Hold'em No Limit ($0.02/$0.05) - 2025/07/11 17:37:24
Table '#35071501' 6-max Seat #2 is the button
Seat 2: PLR_4379357KK ($4.93 in chips)
Seat 3: Hero ($6.14 in chips)
Seat 4: PLR_1349111OR ($5.59 in chips)
Seat 6: PLR_9423814NG ($5.18 in chips)
Hero: posts small blind $0.02
PLR_1349111OR: posts big blind $0.05
*** HOLE CARDS ***
Dealt to Hero [6c Qh]
PLR_9423814NG: folds
PLR_4379357KK: raises $0.15 to $0.15
Hero: folds
PLR_1349111OR: raises $0.55 to $0.60
PLR_4379357KK: folds
Uncalled bet ($0.45) returned to PLR_1349111OR
PLR_1349111OR: shows [Ad 2d]
PLR_1349111OR collected $0.32 from pot
PLR_4379357KK: shows [Ts Jd]
Hero: shows [6c Qh]
PLR_9423814NG: shows [6s Kd]
*** SUMMARY ***
Total pot $0.32 | Rake $0.00
Seat 2: PLR_4379357KK (button) showed [Ts Jd]
Seat 3: Hero (small blind) showed [6c Qh]
Seat 4: PLR_1349111OR (big blind) showed [Ad 2d] and won ($0.32)
Seat 6: PLR_9423814NG showed [6s Kd]



PokerStars Hand #4803375905: Hold'em No Limit ($0.02/$0.05) - 2025/07/11 17:38:06
Table '#35071501' 6-max Seat #3 is the button
Seat 2: PLR_4379357KK ($4.78 in chips)
Seat 3: Hero ($6.12 in chips)
Seat 4: PLR_1349111OR ($5.76 in chips)
Seat 5: PLR_6032773OX ($1.88 in chips)
Seat 6: PLR_9423814NG ($5.18 in chips)
PLR_1349111OR: posts small blind $0.02
PLR_6032773OX: posts big blind $0.05
*** HOLE CARDS ***
Dealt to Hero [Jc Ac]
PLR_9423814NG: raises $0.15 to $0.15
PLR_4379357KK: folds
Hero: raises $0.45 to $0.45
PLR_1349111OR: calls $0.43 
PLR_6032773OX: folds
PLR_9423814NG: calls $0.30 
*** FLOP *** [7s Td 4c]
PLR_1349111OR: checks
PLR_9423814NG: checks
Hero: bets $1 
PLR_1349111OR: calls $1 
PLR_9423814NG: folds
*** TURN *** [7s Td 4c] [2s]
PLR_1349111OR: checks
Hero: checks
*** RIVER *** [7s Td 4c 2s] [3d]
PLR_1349111OR: checks
Hero: checks
*** SHOW DOWN ***
PLR_1349111OR: shows [Qh Qc] (a pair of Queens)
Hero: shows [Jc Ac] (High Card)
PLR_1349111OR collected $3.23 from pot
PLR_4379357KK: shows [7d 7c]
Hero: shows [Jc Ac]
PLR_6032773OX: shows [6d Js]
PLR_9423814NG: shows [2d Ad]
*** SUMMARY ***
Total pot $3.4 | Rake $0.17
Board [7s Td 4c 2s 3d]
Seat 2: PLR_4379357KK showed [7d 7c]
Seat 3: Hero (button) showed [Jc Ac]
Seat 4: PLR_1349111OR (small blind) showed [Qh Qc] and won ($3.23) with a pair of Queens
Seat 5: PLR_6032773OX (big blind) showed [6d Js]
Seat 6: PLR_9423814NG showed [2d Ad]



PokerStars Hand #4803376228: Hold'em No Limit ($0.02/$0.05) - 2025/07/11 17:39:18
Table '#35071501' 6-max Seat #4 is the button
Seat 2: PLR_4379357KK ($4.78 in chips)
Seat 3: Hero ($4.67 in chips)
Seat 4: PLR_1349111OR ($7.54 in chips)
Seat 5: PLR_6032773OX ($1.83 in chips)
Seat 6: PLR_9423814NG ($4.73 in chips)
PLR_6032773OX: posts small blind $0.02
PLR_9423814NG: posts big blind $0.05
*** HOLE CARDS ***
Dealt to Hero [Ts Td]
PLR_4379357KK: folds
Hero: raises $0.15 to $0.15
PLR_1349111OR: folds
PLR_6032773OX: folds
PLR_9423814NG: folds
Uncalled bet ($0.10) returned to Hero
Hero: shows [Ts Td]
Hero collected $0.12 from pot
PLR_4379357KK: shows [3c Th]
PLR_1349111OR: shows [3d Kh]
PLR_6032773OX: shows [9d 6s]
PLR_9423814NG: shows [3s 8h]
*** SUMMARY ***
Total pot $0.12 | Rake $0.00
Seat 2: PLR_4379357KK showed [3c Th]
Seat 3: Hero collected ($0.12)
Seat 4: PLR_1349111OR (button) showed [3d Kh]
Seat 5: PLR_6032773OX (small blind) showed [9d 6s]
Seat 6: PLR_9423814NG (big blind) showed [3s 8h]



PokerStars Hand #4803376367: Hold'em No Limit ($0.02/$0.05) - 2025/07/11 17:39:49
Table '#35071501' 6-max Seat #5 is the button
Seat 2: PLR_4379357KK ($4.78 in chips)
Seat 3: Hero ($4.74 in chips)
Seat 4: PLR_1349111OR ($7.54 in chips)
Seat 5: PLR_6032773OX ($1.81 in chips)
Seat 6: PLR_9423814NG ($4.68 in chips)
PLR_9423814NG: posts small blind $0.02
PLR_4379357KK: posts big blind $0.05
*** HOLE CARDS ***
Dealt to Hero [6c 2c]
Hero: folds
PLR_1349111OR: folds
PLR_6032773OX: raises $0.20 to $0.20
PLR_9423814NG: folds
PLR_4379357KK: folds
Uncalled bet ($0.15) returned to PLR_6032773OX
PLR_6032773OX: shows [Kd Ks]
PLR_6032773OX collected $0.12 from pot
PLR_4379357KK: shows [7h 4s]
Hero: shows [6c 2c]
PLR_1349111OR: shows [8d Qs]
PLR_9423814NG: shows [7s 4h]
*** SUMMARY ***
Total pot $0.12 | Rake $0.00
Seat 2: PLR_4379357KK (big blind) showed [7h 4s]
Seat 3: Hero showed [6c 2c]
Seat 4: PLR_1349111OR showed [8d Qs]
Seat 5: PLR_6032773OX (button) showed [Kd Ks] and won ($0.12)
Seat 6: PLR_9423814NG (small blind) showed [7s 4h]



PokerStars Hand #4803376512: Hold'em No Limit ($0.02/$0.05) - 2025/07/11 17:40:24
Table '#35071501' 6-max Seat #6 is the button
Seat 2: PLR_4379357KK ($4.73 in chips)
Seat 3: Hero ($4.74 in chips)
Seat 4: PLR_1349111OR ($7.54 in chips)
Seat 5: PLR_6032773OX ($1.88 in chips)
Seat 6: PLR_9423814NG ($4.66 in chips)
PLR_4379357KK: posts small blind $0.02
Hero: posts big blind $0.05
*** HOLE CARDS ***
Dealt to Hero [Jh As]
PLR_1349111OR: folds
PLR_6032773OX: folds
PLR_9423814NG: raises $0.15 to $0.15
PLR_4379357KK: folds
Hero: calls $0.10 
*** FLOP *** [Qs 2c 7h]
Hero: checks
PLR_9423814NG: bets $0.16 
Hero: folds
Uncalled bet ($0.16) returned to PLR_9423814NG
PLR_9423814NG: shows [Js Qd]
PLR_9423814NG collected $0.31 from pot
PLR_4379357KK: shows [Jd Ts]
Hero: shows [Jh As]
PLR_1349111OR: shows [4s 5h]
PLR_6032773OX: shows [3d 8c]
*** SUMMARY ***
Total pot $0.32 | Rake $0.01
Board [Qs 2c 7h]
Seat 2: PLR_4379357KK (small blind) showed [Jd Ts]
Seat 3: Hero (big blind) showed [Jh As]
Seat 4: PLR_1349111OR showed [4s 5h]
Seat 5: PLR_6032773OX showed [3d 8c]
Seat 6: PLR_9423814NG (button) showed [Js Qd] and won ($0.31)



PokerStars Hand #4803376752: Hold'em No Limit ($0.02/$0.05) - 2025/07/11 17:41:17
Table '#35071501' 6-max Seat #2 is the button
Seat 2: PLR_4379357KK ($4.71 in chips)
Seat 3: Hero ($4.59 in chips)
Seat 4: PLR_1349111OR ($7.54 in chips)
Seat 5: PLR_6032773OX ($1.88 in chips)
Seat 6: PLR_9423814NG ($4.82 in chips)
Hero: posts small blind $0.02
PLR_1349111OR: posts big blind $0.05
*** HOLE CARDS ***
Dealt to Hero [5h 5d]
PLR_6032773OX: folds
PLR_9423814NG: folds
PLR_4379357KK: folds
Hero: raises $0.13 to $0.15
PLR_1349111OR: calls $0.10 
*** FLOP *** [Th 3d 4s]
Hero: bets $0.22 
PLR_1349111OR: folds
Uncalled bet ($0.22) returned to Hero
Hero: shows [5h 5d]
Hero collected $0.29 from pot
PLR_4379357KK: shows [8s 2s]
PLR_1349111OR: shows [Js As]
PLR_6032773OX: shows [2c Qc]
PLR_9423814NG: shows [Kh 6s]
*** SUMMARY ***
Total pot $0.3 | Rake $0.01
Board [Th 3d 4s]
Seat 2: PLR_4379357KK (button) showed [8s 2s]
Seat 3: Hero (small blind) collected ($0.29)
Seat 4: PLR_1349111OR (big blind) showed [Js As]
Seat 5: PLR_6032773OX showed [2c Qc]
Seat 6: PLR_9423814NG showed [Kh 6s]



PokerStars Hand #4803376909: Hold'em No Limit ($0.02/$0.05) - 2025/07/11 17:41:55
Table '#35071501' 6-max Seat #3 is the button
Seat 2: PLR_4379357KK ($4.71 in chips)
Seat 3: Hero ($5 in chips)
Seat 4: PLR_1349111OR ($7.39 in chips)
Seat 5: PLR_6032773OX ($1.88 in chips)
Seat 6: PLR_9423814NG ($4.82 in chips)
PLR_1349111OR: posts small blind $0.02
PLR_6032773OX: posts big blind $0.05
*** HOLE CARDS ***
Dealt to Hero [4h As]
PLR_9423814NG: folds
PLR_4379357KK: folds
Hero: folds
PLR_1349111OR: folds
PLR_6032773OX: shows [Kc 4d]
Uncalled bet ($0.03) returned to PLR_6032773OX
PLR_6032773OX collected $0.04 from pot
PLR_4379357KK: shows [4s Qs]
Hero: shows [4h As]
PLR_1349111OR: shows [Kd 9c]
PLR_9423814NG: shows [5c Jh]
*** SUMMARY ***
Total pot $0.04 | Rake $0.00
Seat 2: PLR_4379357KK showed [4s Qs]
Seat 3: Hero (button) showed [4h As]
Seat 4: PLR_1349111OR (small blind) showed [Kd 9c]
Seat 5: PLR_6032773OX (big blind) showed [Kc 4d] and won ($0.04)
Seat 6: PLR_9423814NG showed [5c Jh]



PokerStars Hand #4803377000: Hold'em No Limit ($0.02/$0.05) - 2025/07/11 17:42:17
Table '#35071501' 6-max Seat #4 is the button
Seat 2: PLR_4379357KK ($4.71 in chips)
Seat 3: Hero ($5 in chips)
Seat 4: PLR_1349111OR ($7.37 in chips)
Seat 5: PLR_6032773OX ($1.90 in chips)
Seat 6: PLR_9423814NG ($4.82 in chips)
PLR_6032773OX: posts small blind $0.02
PLR_9423814NG: posts big blind $0.05
*** HOLE CARDS ***
Dealt to Hero [3c Kc]
PLR_4379357KK: folds
Hero: folds
PLR_1349111OR: folds
PLR_6032773OX: folds
PLR_9423814NG: shows [8s Ac]
Uncalled bet ($0.03) returned to PLR_9423814NG
PLR_9423814NG collected $0.04 from pot
PLR_4379357KK: shows [9c Kh]
Hero: shows [3c Kc]
PLR_1349111OR: shows [4c 7d]
PLR_6032773OX: shows [8c 4d]
*** SUMMARY ***
Total pot $0.04 | Rake $0.00
Seat 2: PLR_4379357KK showed [9c Kh]
Seat 3: Hero showed [3c Kc]
Seat 4: PLR_1349111OR (button) showed [4c 7d]
Seat 5: PLR_6032773OX (small blind) showed [8c 4d]
Seat 6: PLR_9423814NG (big blind) showed [8s Ac] and won ($0.04)



PokerStars Hand #4803377086: Hold'em No Limit ($0.02/$0.05) - 2025/07/11 17:42:36
Table '#35071501' 6-max Seat #5 is the button
Seat 2: PLR_4379357KK ($4.71 in chips)
Seat 3: Hero ($5 in chips)
Seat 4: PLR_1349111OR ($7.37 in chips)
Seat 5: PLR_6032773OX ($1.88 in chips)
Seat 6: PLR_9423814NG ($4.84 in chips)
Table deposit $1.50 
PLR_9423814NG: posts small blind $0.02
PLR_4379357KK: posts big blind $0.05
*** HOLE CARDS ***
Dealt to Hero [9h Ad]
Hero: folds
PLR_1349111OR: raises $0.15 to $0.15
PLR_6032773OX: folds
PLR_9423814NG: folds
PLR_4379357KK: folds
Uncalled bet ($0.10) returned to PLR_1349111OR
PLR_1349111OR: shows [Kh Th]
PLR_1349111OR collected $0.12 from pot
PLR_4379357KK: shows [4c 4s]
Hero: shows [9h Ad]
PLR_6032773OX: shows [Js 5c]
PLR_9423814NG: shows [Jd 8s]
*** SUMMARY ***
Total pot $0.12 | Rake $0.00
Seat 2: PLR_4379357KK (big blind) showed [4c 4s]
Seat 3: Hero showed [9h Ad]
Seat 4: PLR_1349111OR showed [Kh Th] and won ($0.12)
Seat 5: PLR_6032773OX (button) showed [Js 5c]
Seat 6: PLR_9423814NG (small blind) showed [Jd 8s]



PokerStars Hand #4803377154: Hold'em No Limit ($0.02/$0.05) - 2025/07/11 17:42:53
Table '#35071501' 6-max Seat #6 is the button
Seat 2: PLR_4379357KK ($4.66 in chips)
Seat 3: Hero ($5 in chips)
Seat 4: PLR_1349111OR ($7.44 in chips)
Seat 5: PLR_6032773OX ($1.88 in chips)
Seat 6: PLR_9423814NG ($4.82 in chips)
PLR_4379357KK: posts small blind $0.02
Hero: posts big blind $0.05
*** HOLE CARDS ***
Dealt to Hero [6d Qs]
PLR_1349111OR: folds
Table deposit $0.86 
PLR_6032773OX: folds
PLR_9423814NG: raises $0.15 to $0.15
PLR_4379357KK: folds
Hero: folds
Uncalled bet ($0.10) returned to PLR_9423814NG
PLR_9423814NG: shows [3c 5c]
PLR_9423814NG collected $0.12 from pot
PLR_4379357KK: shows [8h Kd]
Hero: shows [6d Qs]
PLR_1349111OR: shows [2h Kh]
PLR_6032773OX: shows [9d 7c]
*** SUMMARY ***
Total pot $0.12 | Rake $0.00
Seat 2: PLR_4379357KK (small blind) showed [8h Kd]
Seat 3: Hero (big blind) showed [6d Qs]
Seat 4: PLR_1349111OR showed [2h Kh]
Seat 5: PLR_6032773OX showed [9d 7c]
Seat 6: PLR_9423814NG (button) showed [3c 5c] and won ($0.12)



PokerStars Hand #4803377255: Hold'em No Limit ($0.02/$0.05) - 2025/07/11 17:43:17
Table '#35071501' 6-max Seat #2 is the button
Seat 1: PLR_5242918BU ($2.36 in chips)
Seat 2: PLR_4379357KK ($4.64 in chips)
Seat 3: Hero ($4.95 in chips)
Seat 4: PLR_1349111OR ($7.44 in chips)
Seat 5: PLR_6032773OX ($1.88 in chips)
Seat 6: PLR_9423814NG ($4.89 in chips)
Hero: posts small blind $0.02
PLR_1349111OR: posts big blind $0.05
PLR_5242918BU: posts big blind $0.05
*** HOLE CARDS ***
Dealt to Hero [6d Qs]
PLR_6032773OX: folds
PLR_9423814NG: folds
PLR_5242918BU: checks
PLR_4379357KK: raises $0.25 to $0.25
Hero: folds
PLR_1349111OR: folds
PLR_5242918BU: folds
Uncalled bet ($0.20) returned to PLR_4379357KK
PLR_4379357KK: shows [Jc Ah]
PLR_4379357KK collected $0.17 from pot
PLR_5242918BU: shows [Qd 2c]
Hero: shows [6d Qs]
PLR_1349111OR: shows [7c Kc]
PLR_6032773OX: shows [4c 2h]
PLR_9423814NG: shows [9s Ad]
*** SUMMARY ***
Total pot $0.17 | Rake $0.00
Seat 1: PLR_5242918BU showed [Qd 2c]
Seat 2: PLR_4379357KK (button) showed [Jc Ah] and won ($0.17)
Seat 3: Hero (small blind) showed [6d Qs]
Seat 4: PLR_1349111OR (big blind) showed [7c Kc]
Seat 5: PLR_6032773OX showed [4c 2h]
Seat 6: PLR_9423814NG showed [9s Ad]



PokerStars Hand #4803377349: Hold'em No Limit ($0.02/$0.05) - 2025/07/11 17:43:40
Table '#35071501' 6-max Seat #3 is the button
Seat 1: PLR_5242918BU ($2.31 in chips)
Seat 2: PLR_4379357KK ($4.76 in chips)
Seat 3: Hero ($4.93 in chips)
Seat 4: PLR_1349111OR ($7.39 in chips)
Seat 5: PLR_6032773OX ($1.88 in chips)
Seat 6: PLR_9423814NG ($4.89 in chips)
PLR_1349111OR: posts small blind $0.02
PLR_6032773OX: posts big blind $0.05
*** HOLE CARDS ***
Dealt to Hero [4c Qd]
PLR_9423814NG: folds
PLR_5242918BU: raises $0.15 to $0.15
PLR_4379357KK: folds
Hero: folds
PLR_1349111OR: folds
PLR_6032773OX: folds
Uncalled bet ($0.10) returned to PLR_5242918BU
PLR_5242918BU: shows [Jc Kc]
PLR_5242918BU collected $0.12 from pot
PLR_4379357KK: shows [4s Ah]
Hero: shows [4c Qd]
PLR_1349111OR: shows [4d 5s]
PLR_6032773OX: shows [5d 9c]
PLR_9423814NG: shows [5c 3c]
*** SUMMARY ***
Total pot $0.12 | Rake $0.00
Seat 1: PLR_5242918BU showed [Jc Kc] and won ($0.12)
Seat 2: PLR_4379357KK showed [4s Ah]
Seat 3: Hero (button) showed [4c Qd]
Seat 4: PLR_1349111OR (small blind) showed [4d 5s]
Seat 5: PLR_6032773OX (big blind) showed [5d 9c]
Seat 6: PLR_9423814NG showed [5c 3c]



PokerStars Hand #4803377427: Hold'em No Limit ($0.02/$0.05) - 2025/07/11 17:43:59
Table '#35071501' 6-max Seat #4 is the button
Seat 1: PLR_5242918BU ($2.38 in chips)
Seat 2: PLR_4379357KK ($4.76 in chips)
Seat 3: Hero ($4.93 in chips)
Seat 4: PLR_1349111OR ($7.37 in chips)
Seat 5: PLR_6032773OX ($1.83 in chips)
Seat 6: PLR_9423814NG ($4.89 in chips)
PLR_6032773OX: posts small blind $0.02
PLR_9423814NG: posts big blind $0.05
*** HOLE CARDS ***
Dealt to Hero [Js 7d]
PLR_5242918BU: folds
PLR_4379357KK: raises $0.15 to $0.15
Hero: folds
PLR_1349111OR: raises $0.45 to $0.45
PLR_6032773OX: folds
PLR_9423814NG: folds
PLR_4379357KK: folds
Uncalled bet ($0.30) returned to PLR_1349111OR
Table leave user
PLR_1349111OR: shows [Qh Qc]
PLR_1349111OR collected $0.37 from pot
PLR_5242918BU: shows [4d Tc]
PLR_4379357KK: shows [6h 5h]
Hero: shows [Js 7d]
PLR_6032773OX: shows [Jd Kh]
PLR_9423814NG: shows [6s 4h]
*** SUMMARY ***
Total pot $0.37 | Rake $0.00
Seat 1: PLR_5242918BU showed [4d Tc]
Seat 2: PLR_4379357KK showed [6h 5h]
Seat 3: Hero showed [Js 7d]
Seat 4: PLR_1349111OR (button) showed [Qh Qc] and won ($0.37)
Seat 5: PLR_6032773OX (small blind) showed [Jd Kh]
Seat 6: PLR_9423814NG (big blind) showed [6s 4h]



PokerStars Hand #4803377531: Hold'em No Limit ($0.02/$0.05) - 2025/07/11 17:44:23
Table '#35071501' 6-max Seat #5 is the button
Seat 1: PLR_5242918BU ($2.38 in chips)
Seat 2: PLR_4379357KK ($4.61 in chips)
Seat 3: Hero ($4.93 in chips)
Seat 4: PLR_1349111OR ($7.59 in chips)
Seat 5: PLR_6032773OX ($1.81 in chips)
Seat 6: PLR_9423814NG ($4.84 in chips)
PLR_9423814NG: posts small blind $0.02
PLR_5242918BU: posts big blind $0.05
*** HOLE CARDS ***
Dealt to Hero [5h 7c]
PLR_4379357KK: folds
Hero: folds
PLR_1349111OR: folds
PLR_6032773OX: folds
PLR_9423814NG: folds
PLR_5242918BU: shows [5c Td]
Uncalled bet ($0.03) returned to PLR_5242918BU
PLR_5242918BU collected $0.04 from pot
PLR_4379357KK: shows [Ac 2s]
Hero: shows [5h 7c]
PLR_1349111OR: shows [Qs 2h]
PLR_6032773OX: shows [9c Kd]
PLR_9423814NG: shows [9d Qc]
*** SUMMARY ***
Total pot $0.04 | Rake $0.00
Seat 1: PLR_5242918BU (big blind) showed [5c Td] and won ($0.04)
Seat 2: PLR_4379357KK showed [Ac 2s]
Seat 3: Hero showed [5h 7c]
Seat 4: PLR_1349111OR showed [Qs 2h]
Seat 5: PLR_6032773OX (button) showed [9c Kd]
Seat 6: PLR_9423814NG (small blind) showed [9d Qc]



PokerStars Hand #4803377632: Hold'em No Limit ($0.02/$0.05) - 2025/07/11 17:44:44
Table '#35071501' 6-max Seat #6 is the button
Seat 1: PLR_5242918BU ($2.40 in chips)
Seat 2: PLR_4379357KK ($4.61 in chips)
Seat 3: Hero ($4.93 in chips)
Seat 4: PLR_1349111OR ($7.59 in chips)
Seat 5: PLR_6032773OX ($1.81 in chips)
Seat 6: PLR_9423814NG ($4.82 in chips)
PLR_5242918BU: posts small blind $0.02
PLR_4379357KK: posts big blind $0.05
*** HOLE CARDS ***
Dealt to Hero [Ad 8s]
Hero: folds
PLR_1349111OR: folds
PLR_6032773OX: raises $0.10 to $0.10
PLR_9423814NG: folds
PLR_5242918BU: folds
PLR_4379357KK: calls $0.05 
*** FLOP *** [5c 4d 3s]
PLR_4379357KK: checks
PLR_6032773OX: bets $0.15 
PLR_4379357KK: raises $0.51 to $0.51
PLR_6032773OX: folds
Uncalled bet ($0.36) returned to PLR_4379357KK
PLR_4379357KK: shows [3h 3d]
PLR_4379357KK collected $0.5 from pot
PLR_5242918BU: shows [5d Kh]
Hero: shows [Ad 8s]
PLR_1349111OR: shows [4c 9d]
PLR_6032773OX: shows [Qd Tc]
PLR_9423814NG: shows [Kc 2c]
*** SUMMARY ***
Total pot $0.52 | Rake $0.02
Board [5c 4d 3s]
Seat 1: PLR_5242918BU (small blind) showed [5d Kh]
Seat 2: PLR_4379357KK (big blind) showed [3h 3d] and won ($0.5)
Seat 3: Hero showed [Ad 8s]
Seat 4: PLR_1349111OR showed [4c 9d]
Seat 5: PLR_6032773OX showed [Qd Tc]
Seat 6: PLR_9423814NG (button) showed [Kc 2c]




